2210 3651
509 243 624 303 158
1159 271 1400 310 EPITOME

504 368 616 424 otio
660 368 988 449 deliciisque
1038 375 1450 449 marcescebat,
1504 396 1632 453 quae
1678 387 1810 435 sunt
1852 378 2080 437 blandae

503 472 763 531 vitiorum
799 477 1048 534 omnium
1072 488 1127 535 et
1155 478 1403 537 exitiales
1435 481 1754 540 nutriculae.
1798 483 1934 542 Haec
1962 486 2084 562 ipsa

165 586 410 694 gochetaznin
502 593 666 632 causa
719 576 826 633 fuit
876 599 976 635 cur
1012 578 1253 637 Societas
1293 592 1546 639 revocata
1593 585 1662 641 sit
1704 585 1761 641 in
1805 585 2080 662 oppidum

198 684 207 693 .
256 666 327 694 800
360 667 371 693 l

162 716 304 758 urbem
354 731 464 759 revo-

165 788 276 837 021133
499 780 783 854 deserere,
830 783 1046 841 obortis
1081 793 1312 861 propter
1341 785 1610 841 invidiam
1647 789 1852 843 servitii
1881 806 2080 865 perso-

501 676 556 734 S.
589 678 785 736 Jacobi
807 725 821 753 7
862 681 1225 737 Tucumaniae
1256 692 1455 759 caput,
1495 685 1648 761 quod
1683 696 1872 743 coacta
1901 686 2083 743 fuerat

495 883 636 941 nalis
668 885 1128 945 dissentionibus.
1160 888 1481 946 ,Iuventutis
1515 891 1867 966 protervitas,
1903 909 2084 948 mores

497 984 767 1044 Indorum
799 988 871 1045 ad
906 990 1139 1066 pristina
1172 990 1376 1067 relapsi
1404 991 1648 1067 flagitia,
1683 1013 1871 1050 rerum
1902 1012 2080 1051 sacra-

496 1107 624 1145 rum
659 1100 1049 1169 contemptuS,
1095 1093 1436 1170 Episcopum
1468 1094 1852 1170 impulerunt,
1892 1106 1956 1153 ut
1990 1096 2085 1153 So—

497 1191 610 1248 cios
663 1195 816 1249 omni
866 1213 973 1271 ope
1029 1194 1370 1252 revocandos
1435 1206 1674 1253 curaret.
1738 1197 1815 1253 Eo
1867 1197 2086 1255 facilius

499 1292 758 1370 Episcopi
796 1296 937 1352 votis
975 1296 1427 1353 obsecundatum
1464 1306 1570 1369 est,
1611 1298 1767 1373 quod
1797 1297 1906 1354 hoc
1938 1306 2085 1355 ann'o

497 1395 644 1452 Socii
668 1395 1027 1475 undeviginti
1058 1419 1125 1456 ex
1156 1398 1376 1476 Europa
1415 1400 1471 1455 in
1504 1408 1732 1476 portum
1764 1400 1899 1456 Boni
1930 1398 2088 1458 Aeris

495 1497 732 1556 feliciter
767 1500 1132 1577 appulerunt.
1171 1501 1376 1559 Eorum
1410 1521 1574 1578 pars,
1623 1501 1768 1557 duce
1816 1502 1883 1559 P.
1919 1502 2088 1558 Fran-

157 1610 299 1647 vocata
333 1605 377 1647 in
429 1674 437 1682 ⁸
496 1601 642 1659 cisco
687 1622 719 1658 a
769 1602 962 1676 Valle,
1020 1605 1080 1660 in
1129 1604 1331 1661 urbem
1377 1602 1593 1659 Sanctae
1638 1601 1831 1675 Fidei,
1887 1601 2083 1660 decem

160 1673 317 1716 δεηθῶ
346 1673 460 1717 fide1.
495 1703 720 1760 dierum
744 1707 848 1762 iter
869 1725 900 1762 a
930 1715 1102 1783 portu
1125 1707 1261 1763 Boni
1285 1705 1443 1764 Ae'ris
1474 1705 1776 1762 distantem
1801 1703 2046 1761 deducta
2067 1748 2082 1777 ,

495 1825 700 1863 novam
731 1807 1019 1866 Societatis
1051 1808 1287 1866 domum
1316 1808 1596 1866 fundavit.
1638 1806 1737 1861 Est
1768 1805 1864 1860 illa
1895 1808 2087 1865 civitas

491 1910 751 1985 imposita
775 1911 954 1961 fluvio
986 1904 1266 1976 Quiloasae
1287 1949 1302 1978 ,
1327 1906 1431 1962 ubi
1467 1926 1526 1964 se
1553 1907 1613 1962 in
1634 1905 1853 1965 flumen
1875 1907 2085 1986 Argen-

491 2021 646 2067 teum
710 1988 937 2065 evolvit.
1015 2008 1151 2066 Pars
1206 2008 1497 2067 Sociorum
1560 2009 1732 2067 altera
1782 2012 1841 2067 in
1900 2013 2078 2087 civeS,

493 2120 719 2184 nautas,
753 2120 1029 2184 vectores,
1065 2112 1350 2171 Peruanos
1373 2112 1754 2192 Chileuosque
1779 2134 2079 2190 convenas,

493 2215 591 2292 qui
622 2215 853 2271 Portum
887 2215 1025 2271 Boni
1058 2214 1214 2273 Aeris
1246 2214 1638 2293 frequentant,
1672 2215 1925 2273 laborem
1955 2237 2080 2294 par-

490 2318 593 2374 tita
625 2325 709 2376 est
761 2339 772 2374 :
811 2337 997 2395 neque
1036 2319 1313 2396 mancipia
1350 2318 1626 2395 neglexit,
1667 2338 1797 2395 quae
1845 2318 2079 2395 singulis

494 2422 653 2479 annis
690 2440 895 2497 magno
926 2441 1162 2478 numero
1196 2442 1262 2479 ex
1295 2420 1479 2479 Africa
1510 2421 1646 2479 illuc
1680 2422 2071 2499 deportantur.

493 2525 597 2581 Vix
642 2523 793 2580 credi
836 2533 1020 2600 potest
1052 2535 1330 2601 quantum
1375 2527 1433 2582 in
1471 2527 1591 2584 istis
1627 2526 1917 2601 mancipiis
1945 2545 2079 2582 eru-

494 2625 712 2682 diendis
750 2625 894 2682 lucri
937 2625 1064 2684 fuit.
1110 2629 1300 2686 Patres
1344 2627 1624 2705 Josephus
1662 2626 1988 2686 Cataldinus
2021 2636 2077 2685 et

493 2728 685 2784 Simon
748 2727 962 2785 Maceta
1026 2729 1383 2787 Guairaniam
1447 2730 1768 2807 Paraguaiae
1826 2731 2076 2788 similiter

491 2830 834 2907 provinciam
892 2830 1339 2908 perlustrarunt,
1393 2833 1496 2889 iter
1553 2834 1762 2890 emensi
1814 2832 2075 2890 difficilli-

493 2952 649 2988 mum
721 2952 821 3008 per
886 2934 1032 2989 invia
1095 2954 1322 2992 nemora
1344 2980 1358 3007 ,
1436 2935 1671 3012 paludes
1733 2934 2068 3011 uliginosaS,
2119 2995 2124 2999 ,

493 3044 750 3093 sexcenta
798 3034 1123 3109 hominum,
1176 3038 1482 3114 anguium,
1530 3037 1888 3112 ferarumque
1931 3038 2074 3114 peri-

183 3120 389 3174 Oppidum

156 3185 378 3228 Lauretum
413 3185 454 3228 in

153 3249 386 3294 Guairania.
493 3239 630 3296 dum
690 3239 1024 3313 condidere,
1090 3240 1192 3297 ubi
1244 3240 1509 3319 Pirapum
1564 3242 1804 3332 fl‘uvium
1869 3244 2068 3321 accipit

493 3137 640 3195 cula.
676 3137 751 3193 Ut
786 3136 1205 3194 multitudinem
1242 3139 1585 3195 inconditam
1617 3137 1880 3194 docerent
1916 3139 2073 3215 oppi-
