2210 3651
551 278 824 317 ms‘romffi
866 276 1187 316 socffi‘rA‘ris
1231 281 1384 320 JESU.
1643 264 1764 323 235

197 380 407 456 aliquot
447 379 665 437 Christo
709 388 764 436 et
804 378 1065 437 Patribus
1101 380 1311 452 dediti3
1358 383 1498 440 nihil
1533 386 1766 444 restabit

195 480 373 554 aliud,
390 482 679 558 inquiunt,
695 481 801 538 nisi
819 490 882 538 ut
894 481 1207 558 Principem
1227 484 1472 560 populus
1489 487 1758 544 imitetur.

355 583 659 660 Postquam
701 586 880 661 regios
921 583 1301 643 adolescentes
1334 586 1397 643 P.
1441 588 1765 647 Franciscus

193 684 397 742 Corsus
434 684 726 762 diligenter
767 686 1040 759 erudivit,
1083 685 1393 744 destinatus
1425 698 1507 744 est
1537 689 1763 746 illorum

191 784 472 862 baptismo
497 786 635 844 dies.
671 787 954 861 Lusitani,
982 787 1208 860 Veneti,
1235 787 1430 845 Poloni
1453 833 1466 861 ,
1493 786 1764 861 Armenii,

190 885 386 962 Angli,
420 908 556 945 auro
588 890 825 947 nitentes
856 899 911 947 et
940 910 1191 966 purpura
1215 935 1229 963 ,
1266 892 1511 968 primum
1542 911 1767 968 pompae

192 986 477 1045 ducebant
536 1009 756 1066 agmen.
820 990 1103 1046 Subibant
1166 994 1324 1067 pueri
1384 993 1666 1068 Principes
1710 993 1769 1048 in

189 1087 334 1145 albis
378 1089 632 1148 sedentes
684 1090 1015 1168 elephantis.
1066 1090 1359 1148 Pendebat
1397 1112 1427 1148 e
1469 1092 1611 1148 collo
1657 1094 1768 1150 sin-

187 1189 334 1265 gulis
378 1211 544 1249 aurea
582 1193 732 1251 Crux
770 1214 781 1248 :
824 1194 1033 1250 circum
1079 1192 1324 1269 plurima
1366 1192 1665 1265 nobilitas,
1714 1202 1769 1250 et

187 1291 341 1349 lauta
375 1293 718 1350 famulorum
758 1304 996 1351 caterva.
1040 1294 1367 1370 Progressos
1407 1314 1471 1351 eo
1502 1295 1768 1351 comitatu

188 1395 260 1451 ad
297 1396 582 1454 Societatis
624 1396 900 1473 templum
952 1397 1015 1452 P.
1070 1395 1448 1473 Hieronymus
1495 1396 1768 1452 Xaverius

159 1494 525 1575 *Sacerdotali
577 1497 770 1554 trabea
821 1497 1056 1555 indutus
1107 1499 1344 1574 excepit.
1400 1498 1476 1554 Ut
1527 1518 1768 1575 quaeque

188 1596 328 1652 sacri
370 1596 723 1674 baptismatis
765 1599 1076 1655 ceremonia
1108 1599 1516 1675 peragebatur,
1557 1598 1769 1656 adoles-

188 1706 372 1754 centes
411 1699 636 1775 ipsimet
673 1699 1093 1776 respondebant
1131 1699 1398 1776 singulari
1442 1700 1668 1776 pietate.
1705 1700 1769 1756 In

190 1797 375 1854 aulam
395 1819 643 1857 reversos
666 1800 974 1877 Imperator
993 1809 1140 1857 certa
1161 1819 1527 1856 nummorum
1550 1820 1771 1857 summa

188 1901 437 1977 singulos
479 1903 738 1975 donavit,
787 1923 957 1979 quam
1002 1903 1108 1978 ipsi
1148 1901 1479 1958 obtulerunt
1515 1901 1766 1973 Christo,

191 2022 370 2078 eaque
414 2004 635 2061 vicatim
678 2004 1028 2081 pauperibus
1066 2003 1369 2061 distributa
1405 2006 1589 2060 statim
1623 2004 1764 2077 fuit,

186 2115 249 2162 ut
272 2105 427 2161 nulla
449 2125 579 2182 pars
615 2106 849 2162 civitatis
881 2105 1052 2178 foret,
1082 2105 1153 2162 ad
1186 2125 1353 2183 quam
1388 2105 1765 2161 celeberrimae

184 2207 324 2265 lucis
382 2207 572 2264 laetitia
627 2227 741 2263 non
785 2209 1124 2284 perveniret.
1184 2207 1343 2263 Hanc
1392 2225 1506 2262 non
1563 2226 1766 2282 parum

185 2330 386 2369 auxere
428 2329 685 2386 proceres
724 2330 755 2366 e
790 2310 939 2385 regia
974 2307 1184 2365 familia
1227 2307 1497 2384 baptismi
1541 2306 1762 2363 benefi-

187 2415 335 2471 cium
365 2411 535 2490 paulo
568 2406 1038 2489 post'consecuti.
1083 2412 1146 2468 P.
1190 2411 1516 2468 Franciscus
1558 2409 1763 2466 Corsos

186 2515 476 2572 mandatas
507 2514 820 2591 puerilibus
846 2514 1044 2571 animis
1077 2513 1266 2590 fruges
1292 2512 1472 2569 colere
1495 2511 1759 2588 perrexit.

187 2619 572 2694 Quaecumque
599 2616 709 2674 illis
733 2616 1080 2693 explicabat,
1114 2616 1291 2692 repeti
1323 2613 1431 2672 sibi
1461 2612 1534 2669 ab
1566 2611 1764 2668 iisdem

177 2702 423 2794 jubebat
478 2718 821 2795 Imperator,
872 2737 974 2774 nec
1015 2715 1187 2774 semel
1230 2715 1456 2773 auditus
1512 2724 1596 2773 est
1636 2735 1764 2772 cum

188 2818 422 2876 diceret:
455 2818 795 2877 Christianos
820 2838 938 2876 esse
968 2817 1094 2875 illos
1119 2816 1350 2894 quidem
1379 2817 1561 2889 laetor,
1588 2817 1766 2893 magis

186 2930 373 2978 autem
417 2920 654 2977 laetabor
693 2922 738 2978 si
781 2940 939 2979 veros
982 2941 1045 2977 ac
1082 2938 1375 2998 germanos
1409 2937 1529 2977 esse
1572 2917 1765 2975 Chris-

186 3022 364 3081 tianos
395 3022 728 3099 intelligam.

346 3124 381 3180 J
385 3125 641 3200 aponiam
665 3125 883 3202 ingredi
905 3126 1112 3205 refugit
1134 3127 1331 3184 oratio.
1361 3126 1594 3182 Terrent
1617 3141 1761 3179 nova

192 3235 245 3283 et
287 3226 549 3284 inusitata
599 3228 940 3287 crudelitatis
985 3231 1171 3306 impiae
1225 3225 1582 3305 spectacula:
1624 3244 1766 3302 sup-

1873 3135 2056 3189 Japoniae

1803 3214 1887 3243 sors
1908 3200 2068 3254 infelix3
