2210 3651
785 308 954 347 mnssx
997 309 1430 347 Armini-:ricus
1876 287 1992 347 291

218 408 688 466 PATZQUARENSIS
708 409 956 454 residentia
978 412 1026 453 in
1051 410 1310 470 Collegium
1333 415 1524 456 mutata.
1545 409 1627 455 111.
1654 410 1758 456 185.

216 490 439 537 PAULUS
460 491 525 537 III
548 493 762 538 Pontifex
787 493 1036 547 Maximus,
1060 497 1225 552 primis
1247 494 1392 539 Sociis
1418 495 1589 538 favens.
1616 493 1653 538 Ι.
1681 494 1754 538 14.

277 573 518 619 Societatis
541 575 816 620 Institutum
841 576 1105 620 confirmat.
1131 574 1190 620 20
1213 582 1258 619 et
1280 576 1356 619 21.

276 654 385 700 Tres
407 671 432 702 e
452 657 678 702 Societate
701 659 757 702 atl
779 659 1035 702 concilium
1060 657 1388 702 Tridentinum
1411 659 1663 704 mittendos
1681 659 1900 718 postulat.
1926 658 2002 701 77.

274 737 620 784 Exercitiorum
643 742 960 799 spiritualium
980 741 1194 785 libellum
1220 741 1464 798 approbat.
1492 739 1596 784 110.

277 819 391 876 Ejus
415 821 470 865 de
494 822 720 867 Societate
741 837 893 867 sermo
918 825 1300 867 humanissimus.
1329 823 1434 866 127.

215 898 439 948 PAULUS
462 903 535 949 lv.
563 905 698 948 Pont.
724 905 840 948 Max.
862 906 963 962 ejus
987 909 1032 948 in
1059 904 1333 950 Societatem
1361 905 1503 948 favor.
1528 902 1565 947 1.
1588 902 1678 947 260
1701 910 1745 947 et
1768 916 1866 960 seq.

274 981 327 1026 In
353 986 691 1043 componendis
715 986 980 1030 domesticis
1006 988 1154 1030 turbis
1180 990 1450 1031 intervenit.
1476 985 1535 1030 II.
1564 985 1608 1029 5.

274 1063 522 1110 Praesidem
544 1082 627 1110 suo
653 1071 845 1110 nomine
867 1071 914 1109 in
938 1070 1092 1123 primo
1117 1069 1316 1125 generali
1343 1073 1579 1111 conventu
1604 1067 1758 1109 habet.
1790 1065 1866 1109 16.

272 1145 478 1191 Chorum
518 1155 562 1192 et
600 1149 928 1193 Generalatum
960 1149 1016 1192 ad
1055 1152 1315 1193 triennium
1345 1151 1445 1193 vult
1468 1150 1669 1193 admitti.
1703 1151 1754 1194 18
1779 1156 1945 1206 etseq.

213 1227 438 1274 PAULUS
469 1230 504 1273 V
534 1230 747 1274 Pontifex
779 1230 900 1274 Max.
925 1231 1126 1275 Venetos
1156 1231 1407 1276 interdicto
1432 1232 1652 1283 mulctat;
1677 1231 1781 1275 ideo
1807 1231 2008 1276 Societas

333 1312 549 1356 recedere
571 1316 771 1371 cogitur.
798 1312 872 1358 IV.
897 1311 974 1356 46.

267 1391 715 1439 Reconciliationem
739 1398 827 1438 init
850 1408 959 1439 cum
984 1394 1166 1440 Venetis
1202 1408 1300 1438 non
1331 1395 1522 1439 obtenta
1545 1393 1788 1439 Societatis
1816 1404 2006 1436 revoca-

337 1476 482 1518 tione.
507 1476 565 1521 49
590 1482 635 1520 et
661 1476 736 1521 50.

210 1553 435 1601 PAULUS
458 1556 584 1601 ΜΙΚΙ
611 1556 700 1618 (Β.)
728 1563 905 1616 martyr
928 1556 1220 1614 Japonensis.
1247 1555 1330 1601 111.
1354 1557 1443 1602 224
1466 1566 1512 1603 e't
1533 1571 1632 1615 seq.

209 1636 608 1684 PAUPERTATIS
631 1644 678 1683 in
704 1639 931 1684 Societate
950 1639 1179 1682 sectandae
1203 1643 1342 1684 ratio.
1366 1639 1403 1684 I.
1429 1641 1486 1685 27
1512 1647 1557 1686 et
1577 1640 1655 1686 28.

207 1718 468 1764 PEKINUM
494 1721 697 1762 Societas
720 1721 999 1775 ingreditur.
1027 1719 1109 1764 III.
1134 1722 1241 1767 298.

270 1802 420 1846 Labor
439 1801 568 1846 utilis
591 1801 806 1857 religioni
831 1802 1073 1857 impensus
1095 1799 1371 1855 fructusque
1393 1807 1571 1849 eximii.
1598 1803 1687 1849 510
1711 1811 1756 1849 et
1779 1804 1886 1849 511.

209 1882 614 1929 PELLETARIUS
641 1882 711 1943 (P.
733 1882 953 1942 Joannes)
978 1882 1176 1928 Parisios
1197 1885 1382 1926 missus.
1407 1880 1445 1925 I.
1472 1881 1548 1927 58.

272 1965 519 2011 Fortitudo
542 1966 659 2023 ejus.
687 1965 746 2009 ΙΙ.
772 1966 847 2010 59.

263 2047 386 2093 Mors
411 2054 452 2093 ei
477 2051 651 2107 pluries
673 2053 918 2092 intentata.
947 2046 1024 2092 69.
1049 2071 1108 2078 —
1134 2044 1341 2089 Tandem
1364 2045 1647 2089 succumbit.
1672 2045 1748 2090 70.

207 2130 490 2176 PERCEIUS
516 2130 584 2191 (P.
610 2129 828 2190 Joannes)
855 2133 902 2173 in
928 2129 1092 2188 Anglia
1118 2133 1185 2171 ter
1207 2128 1593 2185 comprehensus.
1615 2126 1690 2172 IV.
1718 2129 1823 2173 185.

265 2212 481 2271 Disputat
503 2228 613 2258 cum
637 2213 882 2257 Calvinista
908 2217 953 2255 et
977 2224 1087 2255 cum
1109 2213 1211 2269 ipso
1234 2223 1358 2268 rege.
1388 2209 1475 2254 184
1500 2215 1546 2254 et
1569 2224 1667 2268 seq.

268 2296 501 2340 Libertate
525 2295 729 2339 donatur
750 2294 829 2338 sed
853 2293 1120 2337 difficulter.
1151 2292 1238 2336 185
1261 2298 1307 2336 et
1331 2291 1435 2337 186.

208 2378 586 2425 PERNAMBUCI
610 2383 660 2423 in
682 2379 872 2423 Brasilia
896 2376 1173 2435 Collegium.
1200 2373 1260 2418 ΙΙ.
1287 2375 1396 2423 275,

209 2461 547 2506 PERPINIANI
573 2461 774 2506 Societas
800 2460 959 2505 sedem
984 2462 1164 2504 obtinet
1210 2458 1292 2503 ΙΙΙ.
1314 2458 1420 2502 507.

208 2542 466 2589 PEGUANI
487 2548 616 2604 regni
636 2543 836 2588 adeundi
864 2549 1099 2587 tentamen
1124 2542 1355 2585 inutiliter
1372 2545 1654 2598 susceptum.
1680 2535 1764 2581 111.
1784 2538 1892 2583 246.

209 2626 516 2672 PERSARUM
543 2629 700 2671 missio
725 2632 935 2683 suscepta
959 2631 1003 2668 et
1021 2627 1156 2668 statio
1180 2623 1305 2681 apud
1328 2636 1404 2667 eos
1426 2625 1593 2681 posita.
1619 2620 1702 2665 III.
1727 2621 1834 2666 292.

190 2708 530 2755 *PERSONIUS
565 2711 630 2765 (P.
668 2707 915 2767 Robertus)
955 2711 1003 2751 in
1041 2707 1252 2765 Angliam
1287 2711 1516 2763 penetrat.
1552 2704 1610 2748 11.
1638 2704 1745 2748 521.

273 2791 523 2836 Librorum
548 2793 602 2836 ab
628 2796 730 2850 ipso
754 2792 1128 2848 compositorum
1155 2789 1349 2832 fructus.
1374 2814 1433 2821 —
1451 2788 1663 2832 Moritur.
1689 2786 1763 2831 IV.
1795 2786 1898 2830 154.

210 2872 488 2926 PERUVIA,
515 2872 738 2917 Americae
764 2873 1006 2931 provincia
1023 2905 1033 2924 ‚
1060 2871 1161 2927 ejus
1186 2870 1461 2927 primordia.
1487 2868 1547 2913 II.
1575 2870 1662 2914 185
1684 2874 1729 2914 et
1758 2868 1859 2912 184.

275 2953 475 3013 Collegia
502 2954 766 2998 Cuschense
791 2960 835 2997 et
859 2954 1075 2997 Pacense.
1100 2951 1208 2995 228.
1228 2952 1494 3010 Arequipae.
1520 2952 1626 2997 254.
1653 2952 1842 2994 Potosii.
1868 2949 1976 2994 265.

275 3036 590 3081 Paroeciarum
615 3051 725 3080 cura
750 3040 1021 3094 suscipitur.
1044 3034 1153 3079 276.

276 3116 498 3163 Limanus
523 3119 918 3176 Archiepiscopus
945 3118 1160 3162 offensus.
1183 3115 1266 3160 III.
1298 3116 1402 3160 175.
1427 3116 1530 3159 Mox
1553 3115 1782 3172 placatur.
1810 3113 1913 3157 174.

274 3196 396 3242 Socii
422 3201 497 3243 alii
523 3204 865 3259 quinquaginta
888 3215 967 3245 sex
990 3200 1338 3259 ingrediuntur.
1365 3197 1440 3241 IV.
1470 3197 1526 3241 52
1550 3203 1594 3240 et
1618 3210 1717 3254 seq.

277 3278 387 3322 Duae
415 3282 770 3339 viceprovinciae
798 3281 1032 3337 Quitensis
1058 3288 1104 3326 et
1131 3282 1442 3338 Charquensis
1479 3281 1850 3324 constituuntur.
1880 3277 1958 3324 44.
