2210 3651
450 283 721 322 msa-onus:
762 277 1080 317 soc1ETAT1s
1122 280 1271 318 JESU.
1564 257 1640 316 97

69 388 298 467 -quibus
322 404 437 444 suae
463 382 762 462 placebant
791 381 1067 453 tenebrae,
1100 389 1222 436 tum
1252 380 1415 437 etiam
1446 378 1642 439 offensi

88 487 239 565 quod
288 487 532 543 Deorum
590 483 774 542 cultus
823 482 977 540 unde
1034 488 1314 558 quaestum
1363 479 1644 555 ingentem

86 586 396 659 faciebant,
460 584 731 663 paulatim
786 583 1152 655 exolesceret,
1207 582 1266 637 in
1309 578 1644 656 Europaeum

87 690 367 746 doctorem
401 687 807 763 conspirarunt.
851 686 978 741 Huc
1005 683 1262 755 accessit,
1304 680 1458 758 quod
1487 690 1648 738 aestas

87 789 239 846 arida
260 792 508 866 jejunam
547 787 778 845 dederat
818 804 1086 856 messem,
1121 792 1176 841 et
1210 783 1517 859 graviorem
1543 801 1648 838 an—

88 908 292 947 nonam
321 889 543 946 fecerat.
580 887 812 964 Arrepta
849 886 1134 943 occasione
1176 884 1490 957 clamitant,
1534 885 1648 941 ira-

86 1000 172 1048 tos
213 992 359 1048 Deos
400 1010 584 1066 neque
628 988 964 1065 placandos,
1011 988 1117 1045 nisi
1158 990 1330 1063 ejecto
1382 1005 1540 1044 novae
1582 1006 1648 1044 ac

85 1092 402 1169 peregrinae,
430 1091 568 1167 legis
601 1109 878 1167 praecone.
925 1089 1026 1147 His
1069 1089 1422 1147 sermonibus
1452 1089 1650 1146 incen-

85 1186 229 1251 dunt
263 1194 495 1267 urbem,
541 1201 892 1251 commovent
932 1209 1217 1269 proceres,
1264 1190 1648 1268 magistratum

87 1294 160 1351 ad
203 1295 503 1353 sumendas
545 1295 615 1352 de
656 1295 967 1351 Numinum
1012 1293 1171 1351 hoste
1207 1313 1401 1371 poenas
1439 1293 1649 1352 sollici—

89 1404 240 1467 tant,
283 1413 620 1471 causamque
649 1393 719 1450 ad
751 1394 1045 1470 publicum
1083 1394 1333 1451 tribunal
1363 1394 1643 1452 deferunt.

89 1495 468 1553 Accusationis
513 1497 691 1572 capita
731 1496 1014 1571 praecipua
1058 1494 1179 1551 haec
1219 1503 1376 1551 erant
1422 1516 1434 1550 ε
1483 1494 1650 1566 Quod

89 1596 276 1655 nullos
307 1596 511 1654 coleret
539 1596 714 1668 Deos,
757 1596 910 1672 quod
941 1596 1117 1672 patria
1146 1594 1392 1652 Numina
1425 1595 1649 1671 templis

87 1699 443 1769 exturbaret,
520 1698 674 1774 quod
746 1697 1072 1754 Trimurtim
1140 1696 1254 1753 sive
1323 1696 1650 1753 Trinitatem

88 1799 385 1858 derideret.
435 1799 658 1876 Quippe
702 1799 912 1855 trinum
956 1797 1242 1876 quoddam
1286 1798 1510 1855 Numen
1552 1816 1652 1855 seu

86 1901 276 1978 potius
332 1909 645 1958 monstrum
708 1901 911 1977 triceps
971 1899 1196 1976 fingunt
1238 1921 1250 1956 :
1293 1900 1652 1972 Brummam,

95 2004 410 2077 Vichnum,
467 2012 522 2061 et
572 2005 918 2069 Rutrenum3
972 2000 1114 2058 rude
1169 2000 1463 2077 vestigium
1513 2019 1658 2057 verae

95 2117 418 2183 sanctaeque
448 2106 761 2177 Trinitatis,
796 2107 954 2180 cujus
990 2102 1318 2180 mysterium
1356 2108 1570 2158 constat
1599 2100 1658 2156 in

89 2210 176 2267 his
215 2208 472 2286 partibus
507 2206 678 2263 fuisse
712 2206 785 2262 ab
825 2203 1090 2281 Apostolo
1131 2203 1345 2260 Thoma
1380 2200 1658 2279 praedica-

92 2319 237 2367 tum.
286 2306 452 2379 Quod
492 2326 693 2363 arcana
723 2305 1002 2382 religionis
1044 2303 1280 2377 Indicae,
1312 2302 1657 2361 reconditas-

95 2431 206 2489 que
241 2410 648 2468 Brachmanum
684 2409 893 2493 litteras
936 2425 1265 2483 cognoscere
1300 2414 1354 2462 et
1389 2404 1659 2481 expiscari

93 2522 351 2572 tentaret.
407 2511 483 2569 Ea
527 2513 757 2569 crimina
797 2512 852 2567 in
893 2508 1090 2587 grandi
1139 2507 1328 2565 codice
1380 2506 1659 2582 descripta

93 2614 482 2687 ostentabant,
538 2623 840 2690 tantusque
891 2621 1068 2668 terror
1109 2609 1311 2666 invasit
1361 2606 1659 2665 familiares

93 2735 157 2784 ac
201 2715 531 2773 domesticos
582 2715 757 2772 Patris
800 2711 1040 2782 Nobilii,
1086 2719 1151 2767 ut
1193 2728 1386 2766 omnes
1427 2716 1658 2785 excepto

95 2835 207 2873 uno
257 2815 603 2892 diffugerint.
652 2814 979 2872 Suadebant
1034 2811 1195 2868 amici
1238 2810 1430 2887 fugam
1473 2818 1529 2866 et
1569 2808 1657 2864 la-

97 2917 303 2975 tebras.
339 2917 560 2975 Restitit
588 2917 772 2973 animo
801 2914 1062 2993 praesenti
1092 2922 1146 2969 et
1173 2911 1445 2969 interritO.
1474 2909 1658 2967 Nimi-

98 3038 225 3074 rum
245 3018 619 3096 intelligebat,
652 3017 842 3093 fugam
866 3016 1156 3073 offensioni
1186 3014 1304 3071 fore
1334 3012 1659 3071 Christianis

100 3137 244 3195 quos
271 3120 344 3175 ad
372 3120 743 3197 profitendam
763 3163 777 3191 ,
810 3118 897 3175 vel
928 3118 1145 3194 objecto
1182 3115 1377 3193 capitis
1411 3111 1659 3191 periculo

100 3218 270 3277 fidem
308 3219 522 3277 solebat
555 3221 813 3278 excitare.
863 3219 1102 3277 Videbat
1134 3217 1278 3276 illud
1312 3217 1509 3285 etiam,
1555 3210 1659 3268 ad-

362 3340 520 3397 Tom.
571 3339 684 3397 IV.
1381 3335 1415 3390 7
