2210 3651
240 1473 260 1495 *
294 1471 386 1511 Lib.
410 1471 511 1512 XV.

244 1547 315 1578 m>
340 1536 408 1577 54.

306 2182 443 2225 Missio
461 2180 502 2223 in

251 2248 438 2289 Bosniam
473 2253 512 2287 et

252 2312 379 2354 vicina
397 2324 520 2367 regna
532 2341 544 2365 ‚

574 325 695 387 164
1227 339 1467 378 EPITOME

576 458 821 509 mentem
850 446 1022 505 oratio
1049 445 1221 503 Josue
1249 452 1303 501 et
1327 442 1541 516 Calebi,
1569 441 1732 521 plena
1761 440 1963 497 divinae
1989 436 2133 495 fidu-

579 552 677 611 ciae
709 574 721 608 :
768 547 959 607 Terra
1004 546 1166 603 valde
1202 545 1353 602 hona
1386 554 1501 615 est,-
1531 548 1588 601 si
1610 548 1918 622 propitius
1943 543 2138 618 facerit

577 651 895 722 Dominam,
927 648 1170 706 inducet
1198 666 1300 702 ‘nos
1329 649 1397 702 in
1426 666 1582 716 eam,
1615 644 1909 701 Dominus
1938 644 2135 701 nohis-

572 769 716 814 'cum
739 763 839 811 est.
874 751 941 808 Et
974 769 1092 808 esse
1123 769 1249 806 cum
1281 749 1449 806 servis
1480 747 1593 805 suis
1624 747 1926 804 Dominum
1955 745 2135 803 exitus

579 853 982 933 comprobavit.
1020 851 1242 928 Quippe
1270 850 1329 905 in
1357 848 1501 905 hanc
1536 858 1738 905 terram
1767 850 1921 925 prius
1955 847 2138 903 deser-

579 967 704 1013 tam
745 964 799 1011 et
845 956 1104 1023 inviam,
1159 960 1212 1008 et
1261 954 1613 1027 inaquosam
1663 959 1815 1006 tanta
1856 969 1914 1007 se
1963 944 2137 1003 divini

575 1057 715 1115 roris
758 1055 959 1114 effudit
988 1054 1145 1131 copia
1190 1061 1281 1125 ut,
1326 1060 1527 1129 praeter
1568 1051 1927 1123 Quebecense
1965 1046 2138 1105 colle-

578 1158 765 1236 gium,
811 1155 1186 1213 numeraverit
1236 1153 1393 1212 sedes
1444 1153 1742 1230 plurimas,
1796 1164 1850 1210 et
1896 1150 2139 1228 amplius

576 1261 803 1338 triginta
858 1257 1277 1315 florentissimas
1339 1254 1782 1330 cultissimasque
1851 1253 2141 1311 Missiones

578 1373 783 1421 nostrae
806 1359 1121 1429 Societatis,
1159 1373 1298 1432 quas
1327 1352 1510 1428 legere
1539 1351 1667 1408 licet
1696 1354 1953 1409 Historiae
1981 1359 2141 1427 parte

579 1468 795 1542 quinta.
831 1458 858 1484 *
887 1458 1085 1534 Neque
1126 1465 1312 1512 tamen
1355 1454 1539 1511 statim
1570 1473 1633 1511 eo
1672 1462 2001 1531 perventum
2030 1460 2135 1509 est.

581 1565 747 1643 AEgre
796 1580 896 1639 per
933 1557 1211 1617 sexdecim
1251 1575 1424 1613 annos
1479 1564 1745 1632 tanquam
1796 1555 1854 1610 in
1907 1552 2141 1612 salebris

579 1668 742 1726 haesit
786 1662 1028 1749 difficilis
1072 1661 1255 1733 labor,
1297 1678 1479 1735 neque
1520 1667 1647 1715 ante
1695 1676 1905 1713 annum
1950 1652 2139 1713 saeculi

581 1769 881 1848 superioris
938 1764 1200 1842 quintum
1257 1770 1312 1819 et
1360 1760 1688 1838 vigesimum
1745 1778 1812 1816 ex
1868 1756 1979 1816 illis
2035 1776 2142 1814 an-

578 1872 773 1951 gustiis
809 1867 1050 1928 emersit.

731 2037 952 2081 Annus
985 2027 1228 2079 Clu-isti
1259 2025 1418 2074 1612
1454 2039 1471 2074 ε
1507 2023 1845 2073 societatis
1885 2022 1988 2069 23.

745 2169 980 2224 Romam
1003 2165 1109 2222 hoc
1131 2182 1275 2221 anno
1297 2162 1448 2219 venit
1469 2160 1659 2216 Simon
1680 2159 1715 2215 J
1719 2174 1922 2214 oannes
1952 2155 2142 2213 Taxic-

584 2269 756 2342 chUS,
804 2267 1071 2324 Sacerdos
1107 2261 1456 2332 Bosniensis,
1503 2259 1722 2316 dudum
1763 2259 1820 2314 in
1861 2255 2144 2314 catholicis

583 2371 798 2432 Bosniae
840 2365 1169 2444 adjuvandis
1210 2364 1300 2441 pie
1343 2361 1660 2436 utiliterque
1702 2366 1950 2415 versatus
1988 2379 1999 2413 :
2045 2357 2145 2415 sed

586 2494 714 2535 cum
751 2491 852 2549 par
893 2468 1074 2526 labori
1117 2474 1272 2522 tanto
1311 2483 1425 2520 non
1467 2471 1610 2520 esset
1651 2479 1831 2532 unus,
1877 2468 1932 2516 et
1967 2458 2144 2534 gentis

584 2576 908 2634 miserrimae
951 2569 1181 2627 vulnera
1230 2566 1461 2643 propius
1517 2565 1856 2633 intueretur,
1900 2579 2027 2635 quae
2070 2557 2143 2615 ab

585 2675 891 2745 haereticis,
943 2670 1138 2727 Turcis
1181 2677 1236 2726 et
1293 2666 1652 2725 schismaticis
1693 2663 1846 2721 velut
1883 2661 2143 2735 obsessa,

586 2777 881 2836 laborabat
907 2774 1052 2830 vitiis
1072 2817 1086 2844 ,
1119 2770 1513 2846 erroribusque
1541 2765 1903 2846 gravissimis,
1942 2763 2013 2820 ad
2047 2762 2147 2819 Pa-

591 2889 795 2939 storem
856 2875 1145 2947 Ecclesiae,
1218 2872 1493 2949 petiturus
1562 2889 1723 2947 opem
1746 2912 1760 2941 ,
1821 2873 2141 2924 accesserat.

589 2980 874 3051 Pontifex,
907 2978 1110 3035 auditis
1140 2996 1266 3053 quae
1298 2976 1369 3033 de
1391 2972 1787 3031 catholicorum
1811 2970 1869 3024 in
1898 2966 2144 3043 IllyricO,

592 3084 789 3142 Bosnia
807 3127 820 3154 ,
855 3080 1038 3137 Servia
1061 3123 1074 3150 ,
1108 3077 1392 3134 Sclavonia
1416 3120 1429 3148 ,
1456 3085 1509 3132 et
1538 3071 1788 3148 Bulgari‘a
1811 3067 2057 3146 periculo
2089 3075 2145 3124 et

591 3183 949 3243 destitutione
987 3178 1379 3247 narrabantur,
1427 3173 1763 3232 Taxicchum
1813 3169 1883 3226 ad
1925 3169 2143 3243 Praepo-

591 3286 759 3344 situm
793 3281 1117 3341 Generalem
1155 3278 1437 3337 Societatis
1478 3277 1644 3335 misit.
1681 3274 1791 3347 Qui
1819 3271 2139 3351 praeclaram
