2210 3651
570 257 686 317 190
1233 285 1474 324 EPITOME

564 381 762 458 quinta
803 380 1065 441 audiente
1106 386 1318 463 populo
1355 390 1750 452 innumerabili
1794 407 2134 477 perpetuum

562 482 858 541 anathema
907 484 1103 543 haeresi
1152 493 1554 564 pronuntiavit.
1611 495 1747 556 Aliis
1788 499 1847 555 in
1889 500 2133 560 urbibus

564 585 875 643 Germaniae
925 588 1213 645 veritatem
1258 611 1426 667 quam
1469 596 1646 657 doctis
1689 602 1828 658 ratio
1877 612 1932 660 et
1972 602 2135 662 facile

560 687 834 762 ostendit,
886 689 1124 748 indoctis
1172 701 1353 751 metus
1404 696 1752 774 ignominiae,
1806 714 1903 760 aut
1951 724 2134 782 poenae

557 792 853 866 persuasit.
890 791 1147 849 Haeretici
1182 814 1539 856 communem
1571 821 1698 858 cum
1734 805 2017 864 catholicis
2047 827 2134 866 se-

475 944 481 951 ,
557 889 877 966 pulturam,
913 893 1084 951 nimia
1129 898 1558 975 magistratuum
1601 905 1950 984 indulgentia
1992 911 2137 968 obti-

553 1004 794 1051 nuerant
809 995 1205 1057 paderbornae.
1233 1001 1475 1062 Societas
1497 1006 1684 1081 evicit7
1710 1019 1772 1066 ut
1793 1009 1899 1069 hoc
1918 1011 2131 1071 honore

553 1095 938 1172 privarentur,
984 1103 1286 1178 exportatis
1327 1105 1386 1161 in
1420 1126 1581 1183 agros
1615 1129 1809 1168 eorum
1844 1113 2135 1171 cadaveri-

551 1195 686 1255 bus.
722 1199 903 1270 Quam
933 1200 1221 1259 infamiam
1244 1205 1500 1284 plerique
1521 1209 1888 1274 formidantes
1906 1260 1921 1290 7
1946 1217 2133 1276 vivere

552 1300 956 1358 catholicorum
1008 1303 1121 1360 ritu
1180 1316 1552 1382 optaverunt7
1612 1321 1677 1368 ut
1729 1315 2131 1374 catholicorum

551 1401 843 1479 sepultura
896 1403 1236 1465 fruerentur.
1287 1407 1336 1466 A
1386 1409 1557 1470 Sociis
1613 1413 2131 1479 Constantientibus

550 1505 866 1563 curandum
899 1506 1007 1564 fuit
1039 1517 1102 1565 ut
1137 1508 1444 1568 Lutherani
1473 1512 1845 1593 ludimagistri
1868 1522 1967 1596 qui
1995 1542 2132 1599 pue-

547 1627 642 1667 ros
680 1608 868 1687 legere
904 1629 968 1667 ac
1004 1611 1249 1669 scribere
1284 1615 1579 1688 vernacula
1614 1616 1926 1678 litterarum
1959 1621 2134 1682 doce-

547 1711 689 1769 bant
745 1707 1055 1786 elementa,
1110 1714 1428 1772 scholarum
1478 1717 1735 1778 alumnos
1785 1722 2012 1799 ipsimet
2055 1725 2130 1783 ad

547 1824 767 1873 nostras
809 1814 1151 1872 deducerent
1194 1817 1529 1877 catecheses.
1578 1821 1644 1877 Id
1678 1822 1812 1879 olim
1849 1833 2128 1885 tentatum

546 1917 784 1993 saepius7
824 1914 1134 1993 perfectum
1174 1917 1419 1996 denique
1458 1931 1543 1979 est
1581 1943 1786 2001 magno
1819 1925 2132 2005 discipulo-

544 2038 671 2075 rum
702 2026 756 2074 et
785 2017 1179 2094 magistrorum
1207 2017 1417 2078 fructu,
1455 2023 1753 2082 Decretum
1782 2028 1989 2104 pariter
2017 2028 2127 2087 fuit

543 2140 614 2177 ne
643 2119 875 2197 pupillis
915 2119 1305 2178 haereticorum
1338 2126 1432 2200 jus
1470 2126 1926 2206 civitatis7'quod
1955 2129 2128 2190 habe-

543 2220 684 2279 bant
723 2221 878 2279 velut
920 2221 1352 2298 hereditarium⁷
1396 2237 1524 2285 ante
1569 2229 1914 2289 tribueretur
1949 2255 2123 2311 quam

540 2323 823 2401 religionis
859 2324 1145 2382 catholicae
1175 2328 1458 2405 praecipua
1495 2331 1675 2408 capita
1711 2331 1957 2410 legitime
1984 2355 2124 2413 pro-

539 2426 853 2485 fiterentur.
891 2427 1226 2500 Ratiboriae‚
1262 2428 1558 2507 (oppidum
1596 2442 1680 2491 est
1709 2433 1916 2493 Silesiae
1946 2456 2122 2513 supe-

539 2530 729 2607 rioris)
774 2552 902 2588 cum
939 2530 1195 2587 haeresim
1226 2532 1282 2587 in
1314 2532 1514 2590 urbem
1543 2535 1809 2593 inducere
1841 2536 2119 2595 Luthera-

540 2652 647 2690 nus
689 2652 907 2709 praeco,
954 2635 1267 2710 potentium
1315 2636 1515 2692 civium
1555 2639 1862 2714 patrocinio
1904 2638 2113 2713 fultUS‚

538 2743 806 2806 tentaret,
852 2733 1003 2793 illius
1045 2736 1273 2793 consilia
1320 2737 1535 2816 disjecit
1578 2739 1844 2815 SenatuS,
1890 2742 2113 2800 decreto

538 2838 708 2896 Sociis
751 2839 1078 2897 auctoribus
1114 2839 1293 2914 edim,
1340 2851 1403 2898 ut
1456 2843 1599 2901 cives
1642 2844 1699 2899 in
1759 2845 1968 2901 curiam
2021 2845 2113 2900 tri-

538 2939 722 2995 butim
768 2941 981 3014 vocati,
1023 2942 1095 2998 ad
1138 2944 1341 2999 avitam
1386 2944 1578 3002 Fidem
1623 2946 1891 3003 tuendam
1935 2966 2112 3005 sacra-

537 3050 726 3098 mento
784 3043 1161 3120 adigerentur.
1226 3046 1534 3104 Instaurata
1584 3055 1809 3124 quoque
1859 3047 1978 3123 lex,
2044 3057 2109 3105 ut

535 3165 699 3203 nemo
733 3145 930 3204 haeresi
959 3156 1056 3204 aut
1091 3146 1386 3207 schismate
1419 3150 1776 3226 inquinatus,
1810 3151 1867 3208 in
1902 3152 2105 3209 civium

534 3267 769 3306 numero
803 3257 1138 3307 censeretur.
