<?xml version="1.0" encoding="UTF-8"?>
<!DOCTYPE html PUBLIC "-//W3C//DTD XHTML 1.0 Transitional//EN"
    "http://www.w3.org/TR/xhtml1/DTD/xhtml1-transitional.dtd">
<html xmlns="http://www.w3.org/1999/xhtml" xml:lang="en" lang="en">
 <head>
  <title>
</title>
<meta http-equiv="Content-Type" content="text/html;charset=utf-8" />
  <meta name='ocr-system' content='tesseract 3.04.00' />
  <meta name='ocr-capabilities' content='ocr_page ocr_carea ocr_par ocr_line ocrx_word'/>
</head>
<body>
  <div class='ocr_page' id='page_1' title='image "./epitomehistoriso04jouv_0041.png"; bbox 0 0 2210 3651; ppageno 0'>
   <div class='ocr_carea' id='block_1_1' title="bbox 470 242 1669 301">
    <p class='ocr_par' dir='ltr' id='par_1_1' title="bbox 470 242 1669 301">
     <span class='ocr_line' id='line_1_1' title="bbox 470 242 1669 301; baseline -0.003 -3"><span class='ocrx_word' id='word_1_1' title='bbox 470 260 745 298; x_wconf 71' lang='lat' dir='ltr'>msromffi</span> <span class='ocrx_word' id='word_1_2' title='bbox 788 257 1108 295; x_wconf 77' lang='lat' dir='ltr'>soCIETAT1s</span> <span class='ocrx_word' id='word_1_3' title='bbox 1152 260 1303 298; x_wconf 76' lang='lat' dir='ltr'><strong>JESU.</strong></span> <span class='ocrx_word' id='word_1_4' title='bbox 1594 242 1669 301; x_wconf 85' lang='lat'>33</span> 
     </span>
    </p>
   </div>
   <div class='ocr_carea' id='block_1_2' title="bbox 103 361 1682 1959">
    <p class='ocr_par' dir='ltr' id='par_1_2' title="bbox 103 361 1682 1959">
     <span class='ocr_line' id='line_1_2' title="bbox 110 361 1673 439; baseline -0.002 -16"><span class='ocrx_word' id='word_1_5' title='bbox 110 365 391 437; x_wconf 73' lang='lat' dir='ltr'>doctores,</span> <span class='ocrx_word' id='word_1_6' title='bbox 437 364 556 421; x_wconf 89' lang='lat' dir='ltr'>istis</span> <span class='ocrx_word' id='word_1_7' title='bbox 599 362 773 439; x_wconf 82' lang='lat' dir='ltr'>magis</span> <span class='ocrx_word' id='word_1_8' title='bbox 798 361 932 419; x_wconf 89' lang='lat' dir='ltr'>coeci</span> <span class='ocrx_word' id='word_1_9' title='bbox 970 370 1025 418; x_wconf 90' lang='lat' dir='ltr'>et</span> <span class='ocrx_word' id='word_1_10' title='bbox 1065 361 1207 417; x_wconf 89' lang='lat' dir='ltr'>muti</span> <span class='ocrx_word' id='word_1_11' title='bbox 1248 362 1505 437; x_wconf 86' lang='lat' dir='ltr'>producti</span> <span class='ocrx_word' id='word_1_12' title='bbox 1541 374 1673 422; x_wconf 92' lang='lat' dir='ltr'>sunt</span> 
     </span>
     <span class='ocr_line' id='line_1_3' title="bbox 104 461 1675 542; baseline 0 -20"><span class='ocrx_word' id='word_1_13' title='bbox 104 467 165 522; x_wconf 92' lang='lat' dir='ltr'>in</span> <span class='ocrx_word' id='word_1_14' title='bbox 204 465 435 542; x_wconf 79' lang='lat' dir='ltr'>collegio</span> <span class='ocrx_word' id='word_1_15' title='bbox 481 464 743 536; x_wconf 67' lang='lat' dir='ltr'>LimanO,</span> <span class='ocrx_word' id='word_1_16' title='bbox 781 463 1046 519; x_wconf 87' lang='lat' dir='ltr'>nimirum</span> <span class='ocrx_word' id='word_1_17' title='bbox 1081 461 1243 533; x_wconf 72' lang='lat' dir='ltr'>libri,</span> <span class='ocrx_word' id='word_1_18' title='bbox 1290 463 1473 538; x_wconf 92' lang='lat' dir='ltr'>quiin</span> <span class='ocrx_word' id='word_1_19' title='bbox 1515 466 1675 522; x_wconf 86' lang='lat' dir='ltr'>vesti·</span> 
     </span>
     <span class='ocr_line' id='line_1_4' title="bbox 106 562 1675 623; baseline -0.002 0"><span class='ocrx_word' id='word_1_20' title='bbox 106 565 244 623; x_wconf 87' lang='lat' dir='ltr'>bulo</span> <span class='ocrx_word' id='word_1_21' title='bbox 300 566 450 622; x_wconf 83' lang='lat' dir='ltr'>affixi</span> <span class='ocrx_word' id='word_1_22' title='bbox 515 565 757 622; x_wconf 84' lang='lat' dir='ltr'>advenas</span> <span class='ocrx_word' id='word_1_23' title='bbox 820 566 878 621; x_wconf 92' lang='lat' dir='ltr'>in</span> <span class='ocrx_word' id='word_1_24' title='bbox 936 563 1092 620; x_wconf 91' lang='lat' dir='ltr'>aditu</span> <span class='ocrx_word' id='word_1_25' title='bbox 1149 562 1409 620; x_wconf 85' lang='lat' dir='ltr'>feriantes</span> <span class='ocrx_word' id='word_1_26' title='bbox 1467 562 1675 620; x_wconf 77' lang='lat' dir='ltr'>utiliter</span> 
     </span>
     <span class='ocr_line' id='line_1_5' title="bbox 108 664 1676 745; baseline -0.002 -20"><span class='ocrx_word' id='word_1_27' title='bbox 108 677 466 745; x_wconf 82' lang='lat' dir='ltr'>occuparent.</span> <span class='ocrx_word' id='word_1_28' title='bbox 521 665 864 742; x_wconf 78' lang='lat' dir='ltr'>Religionem</span> <span class='ocrx_word' id='word_1_29' title='bbox 917 685 980 722; x_wconf 90' lang='lat' dir='ltr'>ac</span> <span class='ocrx_word' id='word_1_30' title='bbox 1022 665 1284 722; x_wconf 86' lang='lat' dir='ltr'>virtutem</span> <span class='ocrx_word' id='word_1_31' title='bbox 1334 683 1447 720; x_wconf 91' lang='lat' dir='ltr'>non</span> <span class='ocrx_word' id='word_1_32' title='bbox 1492 664 1676 722; x_wconf 90' lang='lat' dir='ltr'>minus</span> 
     </span>
     <span class='ocr_line' id='line_1_6' title="bbox 108 763 1680 845; baseline -0.004 -19"><span class='ocrx_word' id='word_1_33' title='bbox 108 769 403 826; x_wconf 87' lang='lat' dir='ltr'>efficaciter</span> <span class='ocrx_word' id='word_1_34' title='bbox 467 767 660 825; x_wconf 86' lang='lat' dir='ltr'>multis</span> <span class='ocrx_word' id='word_1_35' title='bbox 719 767 996 845; x_wconf 82' lang='lat' dir='ltr'>persuasit</span> <span class='ocrx_word' id='word_1_36' title='bbox 1057 766 1115 821; x_wconf 90' lang='lat' dir='ltr'>in</span> <span class='ocrx_word' id='word_1_37' title='bbox 1182 764 1378 822; x_wconf 88' lang='lat' dir='ltr'>eadem</span> <span class='ocrx_word' id='word_1_38' title='bbox 1434 763 1680 821; x_wconf 77' lang='lat' dir='ltr'><strong>Australi</strong></span> 
     </span>
     <span class='ocr_line' id='line_1_7' title="bbox 108 866 1680 946; baseline -0.003 -19"><span class='ocrx_word' id='word_1_39' title='bbox 108 868 390 943; x_wconf 67' lang='lat' dir='ltr'>America,</span> <span class='ocrx_word' id='word_1_40' title='bbox 430 869 659 946; x_wconf 88' lang='lat' dir='ltr'>publica</span> <span class='ocrx_word' id='word_1_41' title='bbox 697 869 978 926; x_wconf 90' lang='lat' dir='ltr'>calamitas</span> <span class='ocrx_word' id='word_1_42' title='bbox 1012 889 1023 923; x_wconf 79' lang='grc' dir='ltr'>ε</span> <span class='ocrx_word' id='word_1_43' title='bbox 1070 866 1328 924; x_wconf 80' lang='lat' dir='ltr'>Calendis</span> <span class='ocrx_word' id='word_1_44' title='bbox 1359 866 1680 924; x_wconf 90' lang='lat' dir='ltr'>Decembri-</span> 
     </span>
     <span class='ocr_line' id='line_1_8' title="bbox 103 968 1677 1047; baseline 0.002 -22"><span class='ocrx_word' id='word_1_45' title='bbox 103 968 215 1027; x_wconf 86' lang='lat' dir='ltr'>bus</span> <span class='ocrx_word' id='word_1_46' title='bbox 250 971 540 1047; x_wconf 89' lang='lat' dir='ltr'>repentino</span> <span class='ocrx_word' id='word_1_47' title='bbox 569 978 726 1026; x_wconf 89' lang='lat' dir='ltr'>motu</span> <span class='ocrx_word' id='word_1_48' title='bbox 761 989 1029 1028; x_wconf 88' lang='lat' dir='ltr'>concussa</span> <span class='ocrx_word' id='word_1_49' title='bbox 1059 969 1228 1027; x_wconf 91' lang='lat' dir='ltr'>tellus</span> <span class='ocrx_word' id='word_1_50' title='bbox 1268 990 1366 1047; x_wconf 89' lang='lat' dir='ltr'>per</span> <span class='ocrx_word' id='word_1_51' title='bbox 1401 979 1677 1029; x_wconf 91' lang='lat' dir='ltr'>trecentas</span> 
     </span>
     <span class='ocr_line' id='line_1_9' title="bbox 105 1070 1679 1148; baseline 0.001 -20"><span class='ocrx_word' id='word_1_52' title='bbox 105 1070 281 1130; x_wconf 80' lang='lat' dir='ltr'>ferme</span> <span class='ocrx_word' id='word_1_53' title='bbox 311 1072 499 1130; x_wconf 90' lang='lat' dir='ltr'>leucas</span> <span class='ocrx_word' id='word_1_54' title='bbox 534 1071 872 1128; x_wconf 81' lang='lat' dir='ltr'>horrendam</span> <span class='ocrx_word' id='word_1_55' title='bbox 916 1081 1156 1148; x_wconf 82' lang='lat' dir='ltr'>stragem</span> <span class='ocrx_word' id='word_1_56' title='bbox 1188 1070 1384 1129; x_wconf 83' lang='lat' dir='ltr'>edidit.</span> <span class='ocrx_word' id='word_1_57' title='bbox 1420 1071 1679 1130; x_wconf 78' lang='lat' dir='ltr'>Civitates</span> 
     </span>
     <span class='ocr_line' id='line_1_10' title="bbox 106 1171 1681 1250; baseline 0.001 -22"><span class='ocrx_word' id='word_1_58' title='bbox 106 1171 364 1249; x_wconf 85' lang='lat' dir='ltr'>plurimae</span> <span class='ocrx_word' id='word_1_59' title='bbox 396 1174 598 1250; x_wconf 88' lang='lat' dir='ltr'>partim</span> <span class='ocrx_word' id='word_1_60' title='bbox 636 1172 790 1230; x_wconf 80' lang='lat' dir='ltr'>velut</span> <span class='ocrx_word' id='word_1_61' title='bbox 832 1173 1117 1231; x_wconf 75' lang='lat' dir='ltr'>radicitus</span> <span class='ocrx_word' id='word_1_62' title='bbox 1142 1173 1488 1250; x_wconf 59' lang='lat' dir='ltr'>exstirpatae,</span> <span class='ocrx_word' id='word_1_63' title='bbox 1539 1174 1681 1230; x_wconf 88' lang='lat' dir='ltr'>etin</span> 
     </span>
     <span class='ocr_line' id='line_1_11' title="bbox 107 1275 1679 1353; baseline 0.001 -23"><span class='ocrx_word' id='word_1_64' title='bbox 107 1293 269 1332; x_wconf 91' lang='lat' dir='ltr'>auras</span> <span class='ocrx_word' id='word_1_65' title='bbox 315 1278 563 1350; x_wconf 76' lang='lat' dir='ltr'>jactatae3</span> <span class='ocrx_word' id='word_1_66' title='bbox 606 1275 808 1350; x_wconf 85' lang='lat' dir='ltr'>partim</span> <span class='ocrx_word' id='word_1_67' title='bbox 856 1275 930 1331; x_wconf 93' lang='lat' dir='ltr'>ita</span> <span class='ocrx_word' id='word_1_68' title='bbox 968 1275 1233 1353; x_wconf 72' lang='lat' dir='ltr'>sepultae,</span> <span class='ocrx_word' id='word_1_69' title='bbox 1276 1285 1339 1332; x_wconf 89' lang='lat' dir='ltr'>ut</span> <span class='ocrx_word' id='word_1_70' title='bbox 1381 1275 1538 1334; x_wconf 88' lang='lat' dir='ltr'>locus</span> <span class='ocrx_word' id='word_1_71' title='bbox 1577 1275 1679 1332; x_wconf 91' lang='lat' dir='ltr'>ubi</span> 
     </span>
     <span class='ocr_line' id='line_1_12' title="bbox 107 1375 1681 1454; baseline 0.003 -23"><span class='ocrx_word' id='word_1_72' title='bbox 107 1375 386 1431; x_wconf 83' lang='lat' dir='ltr'>stetissent</span> <span class='ocrx_word' id='word_1_73' title='bbox 433 1384 798 1450; x_wconf 86' lang='lat' dir='ltr'>quaereretur.</span> <span class='ocrx_word' id='word_1_74' title='bbox 849 1376 982 1434; x_wconf 90' lang='lat' dir='ltr'>Pars</span> <span class='ocrx_word' id='word_1_75' title='bbox 1031 1377 1200 1453; x_wconf 86' lang='lat' dir='ltr'>hujus</span> <span class='ocrx_word' id='word_1_76' title='bbox 1253 1376 1426 1434; x_wconf 92' lang='lat' dir='ltr'>cladis</span> <span class='ocrx_word' id='word_1_77' title='bbox 1478 1398 1681 1454; x_wconf 79' lang='lat' dir='ltr'>magna</span> 
     </span>
     <span class='ocr_line' id='line_1_13' title="bbox 104 1473 1680 1552; baseline 0.003 -21"><span class='ocrx_word' id='word_1_78' title='bbox 104 1476 163 1531; x_wconf 92' lang='lat' dir='ltr'>in</span> <span class='ocrx_word' id='word_1_79' title='bbox 205 1475 418 1532; x_wconf 88' lang='lat' dir='ltr'>Urbem</span> <span class='ocrx_word' id='word_1_80' title='bbox 463 1473 804 1551; x_wconf 88' lang='lat' dir='ltr'>Arequipam</span> <span class='ocrx_word' id='word_1_81' title='bbox 863 1476 1146 1532; x_wconf 85' lang='lat' dir='ltr'>incubuit.</span> <span class='ocrx_word' id='word_1_82' title='bbox 1210 1476 1440 1552; x_wconf 79' lang='lat' dir='ltr'>Collegii</span> <span class='ocrx_word' id='word_1_83' title='bbox 1490 1478 1680 1536; x_wconf 86' lang='lat' dir='ltr'>Patres</span> 
     </span>
     <span class='ocr_line' id='line_1_14' title="bbox 105 1575 1682 1653; baseline 0.001 -20"><span class='ocrx_word' id='word_1_84' title='bbox 105 1576 267 1653; x_wconf 87' lang='lat' dir='ltr'>quasi</span> <span class='ocrx_word' id='word_1_85' title='bbox 321 1575 587 1633; x_wconf 83' lang='lat' dir='ltr'>divinitus</span> <span class='ocrx_word' id='word_1_86' title='bbox 648 1577 993 1648; x_wconf 75' lang='lat' dir='ltr'>conservati,</span> <span class='ocrx_word' id='word_1_87' title='bbox 1052 1575 1205 1632; x_wconf 92' lang='lat' dir='ltr'>omni</span> <span class='ocrx_word' id='word_1_88' title='bbox 1257 1594 1363 1653; x_wconf 90' lang='lat' dir='ltr'>ope</span> <span class='ocrx_word' id='word_1_89' title='bbox 1414 1576 1682 1635; x_wconf 87' lang='lat' dir='ltr'>subleva-</span> 
     </span>
     <span class='ocr_line' id='line_1_15' title="bbox 106 1676 1680 1755; baseline 0.001 -21"><span class='ocrx_word' id='word_1_90' title='bbox 106 1677 248 1734; x_wconf 87' lang='lat' dir='ltr'>bant</span> <span class='ocrx_word' id='word_1_91' title='bbox 297 1677 673 1735; x_wconf 83' lang='lat' dir='ltr'>miserabilem</span> <span class='ocrx_word' id='word_1_92' title='bbox 730 1677 954 1736; x_wconf 88' lang='lat' dir='ltr'>turbam</span> <span class='ocrx_word' id='word_1_93' title='bbox 1004 1698 1132 1755; x_wconf 89' lang='lat' dir='ltr'>quae</span> <span class='ocrx_word' id='word_1_94' title='bbox 1189 1676 1445 1733; x_wconf 91' lang='lat' dir='ltr'>nondum</span> <span class='ocrx_word' id='word_1_95' title='bbox 1503 1678 1680 1736; x_wconf 88' lang='lat' dir='ltr'>ruinis</span> 
     </span>
     <span class='ocr_line' id='line_1_16' title="bbox 108 1776 1680 1853; baseline 0 -16"><span class='ocrx_word' id='word_1_96' title='bbox 108 1780 349 1853; x_wconf 76' lang='lat' dir='ltr'>obtrita7</span> <span class='ocrx_word' id='word_1_97' title='bbox 390 1788 488 1836; x_wconf 88' lang='lat' dir='ltr'>aut</span> <span class='ocrx_word' id='word_1_98' title='bbox 530 1778 719 1836; x_wconf 87' lang='lat' dir='ltr'>hiante</span> <span class='ocrx_word' id='word_1_99' title='bbox 762 1778 879 1837; x_wconf 92' lang='lat' dir='ltr'>solo</span> <span class='ocrx_word' id='word_1_100' title='bbox 918 1778 1117 1837; x_wconf 90' lang='lat' dir='ltr'>hausta</span> <span class='ocrx_word' id='word_1_101' title='bbox 1157 1786 1296 1836; x_wconf 89' lang='lat' dir='ltr'>erat.</span> <span class='ocrx_word' id='word_1_102' title='bbox 1334 1776 1465 1836; x_wconf 89' lang='lat' dir='ltr'>Illos</span> <span class='ocrx_word' id='word_1_103' title='bbox 1500 1779 1680 1837; x_wconf 90' lang='lat' dir='ltr'>multo</span> 
     </span>
     <span class='ocr_line' id='line_1_17' title="bbox 106 1881 1681 1959; baseline 0.003 -22"><span class='ocrx_word' id='word_1_104' title='bbox 106 1883 409 1959; x_wconf 86' lang='lat' dir='ltr'>paratiores</span> <span class='ocrx_word' id='word_1_105' title='bbox 450 1882 784 1939; x_wconf 84' lang='lat' dir='ltr'>invenerunt</span> <span class='ocrx_word' id='word_1_106' title='bbox 819 1881 892 1938; x_wconf 93' lang='lat' dir='ltr'>ad</span> <span class='ocrx_word' id='word_1_107' title='bbox 924 1881 1167 1939; x_wconf 88' lang='lat' dir='ltr'>melioris</span> <span class='ocrx_word' id='word_1_108' title='bbox 1197 1881 1325 1937; x_wconf 85' lang='lat' dir='ltr'>vitae</span> <span class='ocrx_word' id='word_1_109' title='bbox 1349 1901 1509 1941; x_wconf 88' lang='lat' dir='ltr'>curas</span> <span class='ocrx_word' id='word_1_110' title='bbox 1540 1885 1681 1942; x_wconf 89' lang='lat' dir='ltr'>serio</span> 
     </span>
    </p>
   </div>
   <div class='ocr_carea' id='block_1_3' title="bbox 109 1982 1683 2142">
    <p class='ocr_par' dir='ltr' id='par_1_3' title="bbox 109 1982 1683 2142">
     <span class='ocr_line' id='line_1_18' title="bbox 109 1982 1683 2060; baseline 0.003 -21"><span class='ocrx_word' id='word_1_111' title='bbox 109 1983 500 2060; x_wconf 88' lang='lat' dir='ltr'>concipiendas</span> <span class='ocrx_word' id='word_1_112' title='bbox 535 2006 547 2040; x_wconf 90' lang='lat'>:</span> <span class='ocrx_word' id='word_1_113' title='bbox 594 1985 640 2042; x_wconf 91' lang='lat' dir='ltr'>is</span> <span class='ocrx_word' id='word_1_114' title='bbox 681 1985 830 2041; x_wconf 91' lang='lat' dir='ltr'>enim</span> <span class='ocrx_word' id='word_1_115' title='bbox 870 1988 1104 2042; x_wconf 82' lang='lat' dir='ltr'>existere</span> <span class='ocrx_word' id='word_1_116' title='bbox 1141 1982 1282 2042; x_wconf 91' lang='lat' dir='ltr'>solet</span> <span class='ocrx_word' id='word_1_117' title='bbox 1323 1983 1683 2060; x_wconf 90' lang='lat' dir='ltr'>publicarum</span> 
     </span>
     <span class='ocr_line' id='line_1_19' title="bbox 110 2083 756 2142; baseline 0.003 -2"><span class='ocrx_word' id='word_1_118' title='bbox 110 2083 487 2142; x_wconf 85' lang='lat' dir='ltr'>calamitatum</span> <span class='ocrx_word' id='word_1_119' title='bbox 516 2084 756 2142; x_wconf 89' lang='lat' dir='ltr'>fructus.</span> 
     </span>
    </p>
   </div>
   <div class='ocr_carea' id='block_1_4' title="bbox 220 2245 1538 2308">
    <p class='ocr_par' dir='ltr' id='par_1_4' title="bbox 220 2245 1538 2308">
     <span class='ocr_line' id='line_1_20' title="bbox 220 2245 1538 2308; baseline 0.005 -7"><span class='ocrx_word' id='word_1_120' title='bbox 220 2245 226 2248; x_wconf 72' lang='grc'><strong>’</strong></span> <span class='ocrx_word' id='word_1_121' title='bbox 259 2258 482 2301; x_wconf 74' lang='lat' dir='ltr'>Annus</span> <span class='ocrx_word' id='word_1_122' title='bbox 518 2255 764 2302; x_wconf 75' lang='lat' dir='ltr'>Clu-isti</span> <span class='ocrx_word' id='word_1_123' title='bbox 797 2256 962 2303; x_wconf 75' lang='lat'><strong>1605</strong></span> <span class='ocrx_word' id='word_1_124' title='bbox 1002 2270 1017 2304; x_wconf 74' lang='grc' dir='ltr'><em>ε</em></span> <span class='ocrx_word' id='word_1_125' title='bbox 1055 2257 1399 2306; x_wconf 74' lang='lat' dir='ltr'>societatis</span> <span class='ocrx_word' id='word_1_126' title='bbox 1435 2260 1538 2308; x_wconf 77' lang='lat'>66.</span> 
     </span>
    </p>
   </div>
   <div class='ocr_carea' id='block_1_5' title="bbox 109 2398 1687 3296">
    <p class='ocr_par' dir='ltr' id='par_1_5' title="bbox 109 2398 1687 3296">
     <span class='ocr_line' id='line_1_21' title="bbox 270 2398 1684 2481; baseline 0.004 -25"><span class='ocrx_word' id='word_1_127' title='bbox 270 2400 398 2456; x_wconf 91' lang='lat' dir='ltr'>Non</span> <span class='ocrx_word' id='word_1_128' title='bbox 434 2400 712 2457; x_wconf 87' lang='lat' dir='ltr'>immerito</span> <span class='ocrx_word' id='word_1_129' title='bbox 756 2398 1082 2458; x_wconf 89' lang='lat' dir='ltr'>dubitatum</span> <span class='ocrx_word' id='word_1_130' title='bbox 1115 2401 1252 2476; x_wconf 74' lang='lat' dir='ltr'>fuit,</span> <span class='ocrx_word' id='word_1_131' title='bbox 1285 2404 1488 2481; x_wconf 89' lang='lat' dir='ltr'>plusne</span> <span class='ocrx_word' id='word_1_132' title='bbox 1517 2405 1684 2462; x_wconf 91' lang='lat' dir='ltr'>detri-</span> 
     </span>
     <span class='ocr_line' id='line_1_22' title="bbox 109 2501 1686 2584; baseline 0.004 -26"><span class='ocrx_word' id='word_1_133' title='bbox 109 2501 284 2559; x_wconf 90' lang='lat' dir='ltr'>menti</span> <span class='ocrx_word' id='word_1_134' title='bbox 340 2501 586 2578; x_wconf 88' lang='lat' dir='ltr'>publicis</span> <span class='ocrx_word' id='word_1_135' title='bbox 642 2502 814 2560; x_wconf 86' lang='lat' dir='ltr'>rebus</span> <span class='ocrx_word' id='word_1_136' title='bbox 864 2523 928 2559; x_wconf 88' lang='lat' dir='ltr'>ac</span> <span class='ocrx_word' id='word_1_137' title='bbox 986 2502 1240 2581; x_wconf 79' lang='lat' dir='ltr'>religioni</span> <span class='ocrx_word' id='word_1_138' title='bbox 1299 2526 1469 2583; x_wconf 91' lang='lat' dir='ltr'>quam</span> <span class='ocrx_word' id='word_1_139' title='bbox 1529 2507 1686 2584; x_wconf 85' lang='lat' dir='ltr'>adju-</span> 
     </span>
     <span class='ocr_line' id='line_1_23' title="bbox 112 2603 1684 2685; baseline 0.005 -26"><span class='ocrx_word' id='word_1_140' title='bbox 112 2603 315 2674; x_wconf 73' lang='lat' dir='ltr'>menti,</span> <span class='ocrx_word' id='word_1_141' title='bbox 360 2623 459 2679; x_wconf 85' lang='lat' dir='ltr'>per</span> <span class='ocrx_word' id='word_1_142' title='bbox 500 2603 676 2661; x_wconf 87' lang='lat' dir='ltr'>libros</span> <span class='ocrx_word' id='word_1_143' title='bbox 706 2605 1069 2681; x_wconf 89' lang='lat' dir='ltr'>importatum</span> <span class='ocrx_word' id='word_1_144' title='bbox 1102 2605 1289 2664; x_wconf 87' lang='lat' dir='ltr'>fuerit.</span> <span class='ocrx_word' id='word_1_145' title='bbox 1337 2608 1469 2666; x_wconf 90' lang='lat' dir='ltr'>Post</span> <span class='ocrx_word' id='word_1_146' title='bbox 1497 2611 1684 2685; x_wconf 78' lang='lat' dir='ltr'>gravia</span> 
     </span>
     <span class='ocr_line' id='line_1_24' title="bbox 111 2705 1686 2784; baseline 0.004 -21"><span class='ocrx_word' id='word_1_147' title='bbox 111 2706 462 2782; x_wconf 89' lang='lat' dir='ltr'>superiorum</span> <span class='ocrx_word' id='word_1_148' title='bbox 527 2705 742 2782; x_wconf 88' lang='lat' dir='ltr'>aliquot</span> <span class='ocrx_word' id='word_1_149' title='bbox 806 2726 1081 2763; x_wconf 90' lang='lat' dir='ltr'>annorum</span> <span class='ocrx_word' id='word_1_150' title='bbox 1141 2709 1388 2784; x_wconf 89' lang='lat' dir='ltr'>pericula</span> <span class='ocrx_word' id='word_1_151' title='bbox 1454 2710 1686 2769; x_wconf 85' lang='lat' dir='ltr'>feliciter</span> 
     </span>
     <span class='ocr_line' id='line_1_25' title="bbox 111 2806 1687 2884; baseline 0.006 -23"><span class='ocrx_word' id='word_1_152' title='bbox 111 2826 143 2862; x_wconf 88' lang='lat' dir='ltr'>a</span> <span class='ocrx_word' id='word_1_153' title='bbox 180 2806 350 2864; x_wconf 89' lang='lat' dir='ltr'>Sociis</span> <span class='ocrx_word' id='word_1_154' title='bbox 389 2817 645 2884; x_wconf 87' lang='lat' dir='ltr'>superata</span> <span class='ocrx_word' id='word_1_155' title='bbox 683 2809 742 2864; x_wconf 91' lang='lat' dir='ltr'>in</span> <span class='ocrx_word' id='word_1_156' title='bbox 772 2809 981 2881; x_wconf 71' lang='lat' dir='ltr'>Gallia,</span> <span class='ocrx_word' id='word_1_157' title='bbox 1023 2809 1319 2868; x_wconf 85' lang='lat' dir='ltr'>laborabat</span> <span class='ocrx_word' id='word_1_158' title='bbox 1356 2812 1546 2869; x_wconf 87' lang='lat' dir='ltr'>adhuc</span> <span class='ocrx_word' id='word_1_159' title='bbox 1581 2814 1687 2871; x_wconf 89' lang='lat' dir='ltr'>So-</span> 
     </span>
     <span class='ocr_line' id='line_1_26' title="bbox 113 2906 1687 2991; baseline 0.006 -29"><span class='ocrx_word' id='word_1_160' title='bbox 113 2906 308 2980; x_wconf 73' lang='lat' dir='ltr'>cietas,</span> <span class='ocrx_word' id='word_1_161' title='bbox 346 2918 401 2964; x_wconf 93' lang='lat' dir='ltr'>et</span> <span class='ocrx_word' id='word_1_162' title='bbox 436 2909 494 2964; x_wconf 93' lang='lat' dir='ltr'>in</span> <span class='ocrx_word' id='word_1_163' title='bbox 528 2909 797 2966; x_wconf 76' lang='lat' dir='ltr'>invidiam</span> <span class='ocrx_word' id='word_1_164' title='bbox 842 2910 1150 2988; x_wconf 90' lang='lat' dir='ltr'>odiumque</span> <span class='ocrx_word' id='word_1_165' title='bbox 1192 2913 1499 2971; x_wconf 84' lang='lat' dir='ltr'>vocabatur</span> <span class='ocrx_word' id='word_1_166' title='bbox 1533 2915 1687 2991; x_wconf 88' lang='lat' dir='ltr'>apud</span> 
     </span>
     <span class='ocr_line' id='line_1_27' title="bbox 113 3008 1685 3089; baseline 0.004 -25"><span class='ocrx_word' id='word_1_167' title='bbox 113 3008 355 3084; x_wconf 67' lang='lat' dir='ltr'>Regem,</span> <span class='ocrx_word' id='word_1_168' title='bbox 407 3009 683 3067; x_wconf 88' lang='lat' dir='ltr'>librorum</span> <span class='ocrx_word' id='word_1_169' title='bbox 721 3030 931 3086; x_wconf 80' lang='lat' dir='ltr'>causa,</span> <span class='ocrx_word' id='word_1_170' title='bbox 980 3031 1122 3088; x_wconf 90' lang='lat' dir='ltr'>quos</span> <span class='ocrx_word' id='word_1_171' title='bbox 1171 3032 1286 3069; x_wconf 94' lang='lat' dir='ltr'>non</span> <span class='ocrx_word' id='word_1_172' title='bbox 1335 3013 1516 3072; x_wconf 92' lang='lat' dir='ltr'>solum</span> <span class='ocrx_word' id='word_1_173' title='bbox 1567 3018 1685 3089; x_wconf 89' lang='lat' dir='ltr'>ejus</span> 
     </span>
     <span class='ocr_line' id='line_1_28' title="bbox 115 3109 1680 3191; baseline 0.004 -27"><span class='ocrx_word' id='word_1_174' title='bbox 115 3109 411 3168; x_wconf 85' lang='lat' dir='ltr'>adversarii</span> <span class='ocrx_word' id='word_1_175' title='bbox 464 3114 803 3190; x_wconf 78' lang='lat' dir='ltr'>spargebant</span> <span class='ocrx_word' id='word_1_176' title='bbox 852 3116 909 3171; x_wconf 92' lang='lat' dir='ltr'>in</span> <span class='ocrx_word' id='word_1_177' title='bbox 957 3115 1192 3191; x_wconf 62' lang='lat' dir='ltr'>vulgus,</span> <span class='ocrx_word' id='word_1_178' title='bbox 1239 3137 1432 3174; x_wconf 86' lang='lat' dir='ltr'>verum</span> <span class='ocrx_word' id='word_1_179' title='bbox 1481 3117 1680 3189; x_wconf 73' lang='lat' dir='ltr'>etiam,</span> 
     </span>
     <span class='ocr_line' id='line_1_29' title="bbox 116 3211 1686 3296; baseline 0.005 -30"><span class='ocrx_word' id='word_1_180' title='bbox 116 3211 214 3286; x_wconf 90' lang='lat' dir='ltr'>qui</span> <span class='ocrx_word' id='word_1_181' title='bbox 257 3211 329 3268; x_wconf 91' lang='lat' dir='ltr'>ab</span> <span class='ocrx_word' id='word_1_182' title='bbox 378 3214 513 3290; x_wconf 88' lang='lat' dir='ltr'>ipsis</span> <span class='ocrx_word' id='word_1_183' title='bbox 563 3215 827 3275; x_wconf 88' lang='lat' dir='ltr'>Patribus</span> <span class='ocrx_word' id='word_1_184' title='bbox 878 3226 975 3274; x_wconf 85' lang='lat' dir='ltr'>aut</span> <span class='ocrx_word' id='word_1_185' title='bbox 1023 3216 1201 3278; x_wconf 90' lang='lat' dir='ltr'>alieno</span> <span class='ocrx_word' id='word_1_186' title='bbox 1251 3228 1535 3296; x_wconf 69' lang='lat' dir='ltr'>tempore,</span> <span class='ocrx_word' id='word_1_187' title='bbox 1589 3227 1686 3275; x_wconf 88' lang='lat' dir='ltr'>aut</span> 
     </span>
    </p>
   </div>
   <div class='ocr_carea' id='block_1_6' title="bbox 374 3332 1442 3396">
    <p class='ocr_par' dir='ltr' id='par_1_6' title="bbox 374 3332 1442 3396">
     <span class='ocr_line' id='line_1_30' title="bbox 374 3332 1442 3396; baseline 0.006 -6"><span class='ocrx_word' id='word_1_188' title='bbox 374 3332 539 3392; x_wconf 82' lang='lat' dir='ltr'>Tom.</span> <span class='ocrx_word' id='word_1_189' title='bbox 587 3333 702 3392; x_wconf 87' lang='lat' dir='ltr'>IV.</span> <span class='ocrx_word' id='word_1_190' title='bbox 1405 3339 1442 3396; x_wconf 84' lang='lat'><strong>3</strong></span> 
     </span>
    </p>
   </div>
   <div class='ocr_carea' id='block_1_7' title="bbox 1722 2431 2011 2539">
    <p class='ocr_par' dir='ltr' id='par_1_7' title="bbox 1722 2431 2011 2539">
     <span class='ocr_line' id='line_1_31' title="bbox 1775 2431 1964 2474; baseline 0.016 -3"><span class='ocrx_word' id='word_1_191' title='bbox 1775 2431 1820 2472; x_wconf 86' lang='lat' dir='ltr'>In</span> <span class='ocrx_word' id='word_1_192' title='bbox 1837 2431 1964 2474; x_wconf 84' lang='lat' dir='ltr'>Gallia</span> 
     </span>
     <span class='ocr_line' id='line_1_32' title="bbox 1722 2495 2011 2539; baseline -0.003 -3"><span class='ocrx_word' id='word_1_193' title='bbox 1722 2495 1810 2537; x_wconf 85' lang='lat' dir='ltr'>lites</span> <span class='ocrx_word' id='word_1_194' title='bbox 1824 2509 1871 2537; x_wconf 83' lang='lat' dir='ltr'>ex</span> <span class='ocrx_word' id='word_1_195' title='bbox 1886 2496 2011 2539; x_wconf 87' lang='lat' dir='ltr'>libris.</span> 
     </span>
    </p>
   </div>
  </div>
 </body>
</html>
