2210 3651
485 243 756 282 ms'romAE
797 238 1113 277 socmTAT1s
1155 242 1306 280 JESU.
1604 219 1681 279 57

133 348 510 420 sacerdotum,
569 343 953 423 explicandam
1001 342 1115 398 vim
1164 360 1387 397 omnem
1434 351 1685 399 tormen-

132 458 313 506 torum
344 459 408 506 ut
436 447 698 506 Odoenus
726 445 970 502 indicare
999 461 1127 519 quae
1155 449 1315 497 norat
1335 484 1349 512 ,
1376 452 1681 516 cogeretur.

132 549 247 606 Nec
303 551 517 606 mitiora
583 548 744 605 dictis
805 545 959 603 fuere
1016 543 1181 600 facta.
1257 542 1571 598 Pertractus
1630 543 1688 598 in

132 651 479 708 cruciatuum
532 650 840 719 officinam,
894 665 1044 702 nunc
1095 644 1337 702 sublime
1386 640 1686 714 attollitur,

132 751 328 808 molari
378 772 508 809 saxo
558 751 799 829 pedibus
849 748 1101 824 alligato,
1155 766 1306 803 nunc
1354 745 1413 800 in
1455 743 1694 820 equuleo

133 850 498 927 distenditur,
549 854 722 930 idque
767 850 1069 928 aliquando
1120 869 1220 927 per
1269 856 1477 924 septem
1530 845 1693 902 horas

135 955 507 1026 continenter,
537 953 792 1031 quamvis
822 953 1012 1008 hernia
1043 950 1363 1029 gravissime
1391 947 1693 1017 laboraret,

139 1073 254 1130 quo
285 1055 465 1112 affecti
497 1055 696 1112 morbo
734 1055 1055 1111 eximuntur
1093 1071 1194 1129 per
1239 1050 1389 1126 leges
1425 1046 1700 1125 ejusmodi

141 1157 410 1214 cruciatu.
440 1158 610 1214 Veriti
629 1166 862 1214 tortores
886 1175 955 1212 ne
979 1160 1372 1230 rumperentur
1394 1152 1444 1207 ei
1467 1151 1698 1222 viscera,

139 1246 521 1315 substrinxere
556 1268 804 1315 ventrem
841 1258 1018 1315 ferreo
1050 1256 1285 1328 circulQ
1321 1264 1386 1311 ut
1419 1253 1700 1310 diuturnae

140 1359 305 1414 morti
355 1359 608 1415 sufficere
657 1361 766 1415 vita
815 1367 1022 1435 posset.
1075 1356 1244 1415 Nulla
1294 1375 1401 1412 vox
1449 1354 1701 1426 interim,

142 1457 249 1513 nisi
299 1459 688 1515 suavissimum
739 1459 876 1515 Jesu
927 1477 1132 1513 nomen
1181 1456 1545 1528 audiebatur,
1592 1473 1706 1532 quo

142 1555 362 1616 dolores
406 1559 790 1617 acerbissimos
830 1559 931 1615 Dei
968 1556 1214 1614 famulus
1249 1556 1515 1612 leniebat.
1562 1555 1710 1612 Indi-

142 1662 296 1737 gnati
325 1661 604 1719 silentium
629 1671 684 1719 et
704 1661 1024 1739 patientiam
1057 1658 1340 1717 carnifices
1364 1656 1712 1714 contendunt

145 1763 404 1836 brachia,
465 1764 757 1822 adducunt
812 1762 1039 1840 equulei
1094 1760 1350 1818 fidiculas
1407 1768 1560 1815 tanta
1619 1760 1708 1832 vi,

146 1876 212 1923 ut
268 1867 507 1925 lacerata
567 1867 796 1937 demum
854 1865 1010 1938 alv0,
1077 1863 1382 1940 effusisque
1437 1862 1712 1921 intestinis

148 1979 498 2028 exenteratus
535 1979 591 2027 et
626 1968 891 2027 exanimis
920 1966 1177 2043 jacuerit.
1251 2015 1253 2018 ,

316 2072 455 2128 Tam
486 2071 729 2127 barbara
758 2080 813 2126 et
846 2068 1096 2125 inaudita
1127 2065 1424 2123 crudelitas
1447 2063 1714 2121 invidiam

153 2190 324 2249 quam
353 2172 489 2246 regii
521 2171 785 2228 satellites
814 2169 1058 2226 conflare
1097 2167 1379 2224 catholicis
1408 2166 1712 2244 parabant,

152 2275 213 2330 in
245 2274 395 2350 ipsos
423 2274 663 2330 retorsit.
696 2272 830 2329 Eam
861 2279 925 2328 ut
953 2270 1213 2342 lenirent,
1246 2267 1568 2325 Sacerdotes
1598 2268 1719 2325 exi-

154 2375 231 2433 lio
289 2375 671 2449 donaverunt,
733 2373 1069 2450 gravissimis
1125 2371 1304 2448 poenis
1362 2371 1467 2427 nisi
1521 2368 1720 2445 Anglia

156 2489 272 2537 tota
321 2479 506 2537 statim
556 2495 749 2535 omnes
799 2474 1162 2547 excederent,
1217 2472 1549 2529 constitutis.
1605 2470 1722 2527 Re-

161 2591 486 2640 manserunt
537 2600 650 2637 non
705 2580 900 2657 pauci,
953 2578 1232 2655 religionis
1286 2576 1427 2633 clam
1471 2574 1721 2632 tutandae

160 2684 368 2744 studio,
407 2683 472 2740 In
506 2683 571 2740 iis
603 2681 982 2758 deprehensus
1016 2680 1080 2737 P.
1126 2679 1368 2736 Thomas
1398 2678 1720 2755 StrangeuS,
1814 2682 1860 2723 P·
1881 2679 2057 2721 Thomas

160 2795 276 2844 tam
308 2785 457 2842 diros
483 2785 758 2841 cruciatus
780 2782 1031 2859 pertulit,
1063 2790 1127 2838 ut
1156 2781 1446 2838 debilitato
1470 2798 1720 2857 corpore,
1761 2749 2034 2854 {ggfugcfftsur

163 2887 426 2944 manibus
463 2886 820 2964 pedibusque
857 2884 1132 2954 distortis,
1169 2882 1561 2954 delumbatuS,
1594 2881 1719 2936 inu-

167 2990 392 3067 tilisque
440 2991 568 3047 totis
614 2989 870 3064 triginta,
922 3005 1063 3063 quos
1112 2994 1303 3063 postea
1353 2986 1487 3041 vixit
1536 2984 1723 3054 anniS,

168 3090 464 3166 languerit.
499 3091 695 3147 Vivere
726 3099 908 3146 tamen
946 3108 1073 3145 eum
1105 3097 1160 3144 et
1189 3087 1344 3143 abire
1387 3087 1722 3161 coegerunt,

173 3193 307 3272 quia
346 3193 484 3251 nihil
526 3195 584 3252 in
626 3213 691 3252 eo
741 3192 856 3251 fere
894 3191 1284 3270 perimendum
1335 3188 1609 3259 restabat,
1658 3185 1732 3243 li-
