2210 3651
196 1114 221 1146 A
227 1123 324 1146 nnnnn

210 1236 329 1281 1605

208 2211 325 2257 1604

209 2861 328 2909 1605

851 460 1357 563 INDEX

647 675 750 740 ET
834 672 1170 740 SERIES
1222 671 1553 738 RERUM

491 859 627 905 quae
661 847 732 892 ίιι
768 848 965 893 Tomo
1002 846 1237 904 qual-to
1271 843 1710 893 continentur.

1884 1108 1949 1150 Pag

392 1237 595 1283 Societas
618 1237 725 1283 Jesu
750 1239 983 1283 Lutetiam
1008 1245 1221 1285 revocata
1267 1265 1850 1281 ........
1982 1232 2003 1276 1

393 1320 623 1364 Henricus
647 1320 701 1364 IV
726 1320 1007 1366 Societatem
1034 1321 1246 1366 defendit
1270 1345 1326 1353 —-
1354 1320 1406 1364 P.
1433 1318 1646 1364 Cotonus
1670 1329 1856 1375 purpu-

453 1417 554 1446 ram
584 1409 766 1446 recusat
772 1429 1851 1447 ..............
1978 1397 2006 1440 4

395 1482 599 1540 Collegia
624 1483 812 1527 condita
836 1508 894 1516 —
917 1490 1125 1528 vastatur
1151 1481 1617 1540 Claudiopolitanum
1677 1512 1688 1524 .
1758 1512 1770 1522 .
1839 1510 1852 1521 .
1982 1478 2007 1520 7

390 1564 443 1608 In
467 1564 632 1623 Anglia
656 1565 810 1609 Patres
836 1566 976 1609 exilio
1000 1564 1207 1608 damnati
1269 1589 1851 1608 ........
1981 1559 2010 1602 8

392 1643 472 1689 Fr.
501 1645 619 1690 Goes
641 1660 823 1690 veneno
846 1652 1119 1704 peremptus
1144 1660 1169 1689 a
1187 1644 1427 1690 Saracenis
1434 1672 1852 1689 ......
1981 1641 2008 1686 9

362 1768 364 1771 ,
394 1726 447 1770 In
487 1726 672 1772 Sinensi
707 1727 933 1786 Imperio,
975 1730 1128 1785 prima
1163 1727 1216 1770 B.
1242 1727 1296 1771 V.
1333 1725 1561 1771 Sodalitas
1595 1750 1652 1759 —
1675 1724 1857 1770 Vetitus

454 1808 668 1865 plurium
690 1809 899 1853 Deorum
923 1809 1082 1853 cultus
1102 1837 1854 1853 ..........
1952 1807 2005 1850 11

389 1889 442 1932 In
466 1889 664 1947 Japonia
687 1891 803 1948 quid
829 1890 1130 1934 tolerandum
1159 1894 1206 1933 et
1229 1887 1505 1946 patiendum
1512 1918 1851 1931 .....
1951 1888 2009 1932 15

391 1970 586 2014 Heroica
612 1985 871 2029 puerorum
895 1977 940 2015 et
963 1971 1219 2015 mulierum
1243 1968 1473 2013 fortitudo
1513 2001 1853 2013 .....
1952 1969 2009 2014 15

395 2051 620 2097 Turcicus
646 2053 895 2098 Praefectus
920 2052 1105 2097 inducit
1127 2051 1283 2098 Patres
1305 2053 1355 2094 in
1376 2049 1689 2109 AEthiopiam.
1758 2081 1772 2094 .
1842 2083 1852 2095 .
1952 2050 2009 2096 18

388 2130 440 2176 Ρ.
465 2132 665 2177 Pastoris
686 2137 736 2177 in
764 2134 909 2178 Perua
932 2147 1059 2177 mors
1101 2163 1850 2176 ..........
1952 2130 2008 2177 19

390 2213 548 2258 Vocati
584 2217 632 2258 in
665 2214 944 2259 Moscoviam
969 2215 1126 2258 Patres
1149 2239 1208 2246 --
1231 2213 1283 2257 P.
1308 2213 1479 2257 Martus
1502 2213 1611 2259 dolo
1642 2221 1852 2260 necatus.
1949 2213 2009 2259 20

395 2295 445 2339 P.
472 2295 683 2340 Cotonus
708 2300 907 2356 graviter
930 2298 1204 2342 vulneratus
1228 2321 1285 2333 —
1311 2295 1526 2341 Haeretici
1549 2299 1767 2356 exagitati
1842 2330 1852 2342 .
1948 2296 2005 2342 21

391 2376 653 2422 Primordia
677 2378 999 2438 Collegiorum
1013 2411 1850 2427 ...........
1947 2382 2006 2427 25

396 2457 558 2503 Clades
581 2462 630 2502 in
657 2460 999 2507 Travancoride
1022 2470 1067 2507 et
1092 2467 1140 2507 in
1166 2462 1290 2523 Pegu
1348 2495 1850 2508 .......
1948 2465 2007 2510 25

393 2540 667 2600 Progressus
690 2544 740 2586 in
764 2543 980 2599 Molucis,
1025 2548 1076 2590 in
1111 2546 1418 2605 Philippinis‚
1457 2549 1506 2591 in
1541 2546 1764 2604 Japonia,
1803 2550 1851 2591 in

455 2620 635 2666 Guinea
692 2654 1848 2675 ...............
1944 2630 2003 2676 26

391 2701 443 2746 In
467 2703 642 2749 Mexico
668 2705 984 2751 Ethnicorum
1003 2707 1303 2753 reductiones
1348 2741 1848 2754 .......
1946 2711 2005 2756 50

394 2783 640 2830 Peruviam
664 2787 839 2832 adeunt
863 2788 955 2833 LVI
980 2788 1102 2835 Socii
1186 2822 1848 2837 .........
1947 2793 2004 2839 52

391 2864 443 2909 ln
471 2866 615 2910 Gallia
635 2869 739 2913 lites
762 2870 821 2914 ob
844 2870 990 2914 libros
1019 2903 1846 2917 ...........
1946 2874 2005 2919 55

393 2945 637 2992 Societatis
660 2948 891 2995 domuum
913 2954 1036 2995 varia
1060 2967 1159 2997 sors
1184 2984 1846 2999 .........
1945 2955 2003 2999 55

393 3027 447 3072 In
478 3027 644 3086 Anglia
674 3043 796 3075 novo
829 3031 984 3077 edicto
1019 3036 1281 3093 proscripta
1319 3037 1484 3095 religio
1507 3060 1566 3067 —
1599 3039 1852 3094 propagata

455 3111 505 3152 in
529 3109 653 3156 Sinis
690 3144 1844 3161 ...............
1945 3119 2002 3162 57

395 3189 449 3233 ln
472 3191 684 3250 Japonia,
707 3197 989 3242 inconsultae
1011 3200 1337 3256 promissionis
1359 3199 1527 3245 damna
1595 3230 1604 3241 .
1674 3229 1685 3240 .
1757 3231 1770 3243 .
1841 3232 1850 3242 .
1945 3198 2006 3243 40
