2210 3651
477 321 751 361 nisromAE
791 318 1109 359 socmTAns
1151 322 1303 361 JESU.
1604 300 1681 360 77

127 445 269 498 nus,
321 435 386 483 ut
431 425 623 483 abdita
672 434 729 483 et
767 425 1026 482 humanis
1071 425 1350 482 inaccessa
1399 426 1685 485 mentibus

126 528 389 604 mysteria
430 526 831 604 promulgaret.
871 527 1054 583 Pauca
1087 526 1194 584 sub
1228 526 1449 582 initium
1487 536 1541 583 et
1574 529 1684 585 sin-

126 616 307 703 gulari
344 647 471 684 cum
502 627 771 685 modestia
807 627 1172 705 loquebatur,
1206 636 1262 682 at
1302 626 1403 683 ubi
1446 628 1687 685 mediam

126 730 184 786 in
215 731 648 808 disputationem
679 740 796 787 erat
828 731 1139 805 ingressus,
1173 737 1287 784 tam
1318 727 1596 804 eleganter
1627 748 1689 785 ac

126 830 420 908 splendide
467 830 803 903 disserebat,
852 831 1130 888 neminem
1181 840 1244 887 ut
1294 829 1562 888 hactenus
1616 831 1690 887 ita

126 931 378 989 locutum
420 933 815 1010 praedicarent,
863 941 918 988 et
961 932 1059 1008 qui
1090 931 1332 989 doctoris
1369 930 1516 987 fama
1558 950 1691 1008 per-

126 1033 264 1088 moti
303 1041 674 1106 accesserant,
720 1012 986 1109 majorem
1022 1031 1170 1088 fama
1206 1051 1325 1090 esse
1359 1032 1684 1089 faterentur.

124 1135 191 1192 Id
223 1135 488 1193 studebat
517 1136 574 1191 in
601 1134 820 1212 primis,
854 1143 917 1191 ut
945 1143 1329 1211 contemptum
1364 1134 1690 1192 Christianae

125 1237 435 1315 religionis,
479 1257 592 1314 quo
635 1248 791 1294 erant
820 1236 1059 1309 imbuti,
1106 1235 1338 1294 elueret.
1375 1237 1534 1294 Hanc
1575 1255 1691 1293 coe-

125 1340 358 1412 lestem,
416 1339 562 1395 hanc
619 1339 863 1394 divinam
915 1337 1098 1394 aiebat
1146 1357 1265 1396 esse
1313 1338 1524 1414 legem,
1577 1356 1693 1394 non

128 1441 527 1517 Europaeorum
553 1448 769 1497 tantum
795 1448 892 1496 aut
920 1440 1279 1510 Paravarum,
1303 1448 1358 1495 et
1379 1439 1689 1510 Pariarum,

127 1542 227 1601 sed
257 1541 607 1618 principum,
649 1539 748 1598 sed
777 1559 971 1617 regum
1003 1551 1058 1596 et
1084 1541 1516 1616 imperatorum,
1549 1540 1695 1597 hanc

128 1643 392 1701 omnibus
426 1644 499 1700 ad
529 1663 707 1700 unum
747 1643 1143 1715 necessariam,
1185 1642 1531 1719 quicumque
1559 1640 1695 1699 salvi

128 1754 184 1802 et
231 1744 382 1802 beati
430 1763 550 1802 esse
597 1744 825 1802 vellent.
882 1744 1274 1817 Nobilitatem,
1326 1764 1389 1801 ea
1440 1753 1699 1822 suscepta

128 1865 245 1904 non
285 1847 498 1922 amitti,
543 1848 642 1906 sed
682 1847 875 1925 perfici
919 1856 975 1904 et
1021 1846 1307 1905 illustrari.
1352 1845 1580 1904 Nullam
1623 1846 1697 1904 ab

131 1970 195 2008 ea
225 1951 601 2008 conditionem
631 1949 884 2021 excludi,
921 1948 1051 2007 solis
1082 1950 1225 2021 ritu,
1258 1949 1356 2025 qui
1384 1967 1699 2026 pauperum

133 2070 285 2108 casas
332 2061 387 2108 et
422 2071 619 2128 regum
658 2051 864 2128 palatia
903 2051 1099 2108 eodem
1150 2049 1313 2107 vultu
1353 2051 1569 2127 aspicit.
1612 2049 1702 2106 Sic

131 2151 401 2229 paulatim
446 2151 722 2209 obsolevit
762 2151 855 2209 ille
899 2161 1285 2229 contemptus,
1331 2171 1445 2228 quo
1482 2151 1702 2212 nobiles

130 2254 389 2311 infimum
442 2252 644 2330 vulgus
689 2253 846 2310 nullo
895 2273 1131 2310 numero
1189 2263 1244 2311 et
1298 2253 1421 2311 loco
1471 2275 1588 2332 prae
1646 2274 1704 2314 se

129 2354 451 2427 habebant,
503 2363 558 2411 et
599 2354 883 2413 Christum
920 2355 980 2410 in
1015 2355 1149 2431 ipsis
1185 2354 1408 2413 Paravis
1438 2365 1493 2412 et
1529 2356 1703 2414 Pariis

133 2474 318 2513 amare
367 2475 431 2511 ac
486 2456 735 2531 venerari
794 2455 1146 2529 didicerunt,
1206 2456 1361 2532 quod
1418 2457 1705 2534 impetrari

135 2575 426 2632 nunquam
466 2565 627 2614 antea
657 2567 938 2634 potuerat.
980 2557 1068 2614 Sic
1105 2566 1343 2635 uterque
1374 2557 1509 2614 ordo
1547 2577 1704 2616 sum-

134 2677 357 2715 morum
407 2666 462 2715 et
506 2658 830 2716 infimorum
876 2659 1173 2738 anyzelari
1219 2658 1418 2736 lapide
1472 2659 1706 2717 Christo

135 2760 278 2818 Jesu
310 2760 338 2786 *
361 2765 622 2838 junctus,
655 2762 714 2818 in
743 2761 979 2819 eandem
1010 2760 1247 2819 coelestis
1277 2761 1496 2818 aedificii
1527 2760 1705 2818 fabri-

139 2885 259 2922 cam
303 2864 540 2937 coaluit,
589 2873 644 2921 et
685 2864 980 2921 florentem
1023 2865 1329 2923 construxit
1377 2864 1701 2938 Ecclesiam,

139 2987 266 3044 quae
317 2967 494 3024 multa
552 2966 720 3023 modo
778 2966 1218 3044 Christianorum
1276 2966 1705 3025 lectissimorum

142 3069 316 3127 millia
346 3070 626 3128 coelestem
648 3070 707 3125 in
729 3070 889 3127 terris
918 3070 1088 3125 vitam
1103 3070 1412 3127 viventium
1437 3067 1709 3144 complec-

145 3172 301 3229 titur.
357 3173 498 3230 Cum
548 3173 814 3251 principis
858 3172 1213 3248 doctorisque
1256 3171 1459 3229 summi
1504 3187 1709 3225 nomen

145 3271 360 3332 illustre
386 3273 450 3330 P.
496 3273 723 3331 Nobilio
759 3274 905 3332 fama
934 3273 1241 3348 tribueret,
1273 3276 1392 3349 ejus
1421 3269 1708 3348 spectandi

1741 2776 1761 2797 '¹²
1778 2777 1932 2830 Ephes.
1946 2778 1988 2818 2.
