2210 3651
272 987 484 1032 Domicilia

226 1064 331 1095 nova
346 1086 358 1107 ‚
372 1056 464 1099 data
478 1063 518 1100 et

218 1119 421 1164 restituta.

561 247 678 312 188
1222 270 1465 309 EPITOME

555 369 737 448 probe
769 368 876 429 sibi
907 373 1162 432 conse-ius
1201 393 1330 430 vera
1372 373 1584 431 narrari
1605 418 1620 447 a
1656 374 1877 451 jactatis
1910 374 2124 453 aliquot

556 474 751 547 minis,
791 473 1047 532 beneficii
1086 474 1207 532 loco
1244 477 1515 535 concessit
1547 486 1611 533 ut
1651 476 1886 534 Galliam
1914 477 2124 534 Praetor

555 592 692 633 cum'
720 575 981 634 Patribus
1019 586 1075 633 et
1104 575 1276 634 Gallis
1305 576 1520 654 aliquot
1551 580 1732 656 primo
1763 581 1920 638 aditu
1950 579 2124 657 captis

554 687 829 755 repeteret
857 701 868 736 :
899 677 1102 736 deinde
1133 698 1285 736 arces
1307 679 1366 735 in
1396 699 1490 737 ora
1515 681 1822 742 Canadensi
1846 691 2125 740 extructas

554 778 832 853 incendit,
859 781 1139 838 domicilia
1168 781 1397 841 Petrum
1421 786 1649 860 evertit,
1681 806 1847 845 naves
1876 788 1935 843 in
1958 794 2128 864 portu

555 880 930 959 deprehensas
952 883 1186 942 invadit.

719 984 807 1042 Sic
849 987 1065 1044 Novam
1099 988 1388 1046 Franciam
1430 990 1702 1065 Societas⁷
1741 1011 1961 1050 summa
1993 989 2128 1048 reli-

553 1086 733 1164 gionis
762 1086 908 1146 bene
935 1092 1054 1166 jam
1090 1092 1405 1148 constitutae
1437 1092 1673 1167 damno5
1709 1093 1990 1166 deseruit,
2025 1110 2130 1149 nec

553 1188 613 1246 in
654 1209 778 1248 eam
825 1191 931 1247 nisi
979 1210 1128 1247 anno
1178 1191 1410 1249 demum
1452 1214 1697 1254 Mocxxv
1747 1203 1831 1252 est
1881 1212 2122 1252 reversa.

553 1288 628 1349 At
668 1292 727 1347 in
760 1291 930 1350 urbes
969 1293 1145 1350 varias
1190 1292 1418 1367 Galliae,
1458 1294 1666 1370 Belgii,
1712 1295 2028 1372 Hispaniae,
2075 1302 2132 1352 ei:

486 1404 490 1405 ’
555 1390 868 1448 Germaniae
926 1392 1159 1451 feliciter
1217 1405 1301 1453 est
1364 1395 1629 1468 inducta,
1697 1395 1790 1453 vel
1849 1398 2125 1455 restituta.
2173 1430 2176 1433 ·

554 1493 841 1551 Hedinum
864 1539 879 1568 7
919 1496 1194 1573 oppidum
1232 1496 1462 1555 Artesiae
1493 1497 1959 1569 munitissimum3
1994 1499 2141 1556 item,

552 1575 775 1670 Ariam,
818 1597 931 1655 sive
975 1598 1184 1656 AEriam
1226 1600 1285 1655 in
1329 1599 1526 1683 eodem
1564 1619 1696 1676 agro
1741 1598 2129 1674 Atrebatensi7

552 1707 749 1755 vocata
790 1707 874 1757 est
909 1722 920 1756 :
952 1699 1378 1759 'Almonecidam
1421 1712 1478 1760 et
1522 1702 1725 1760 urbem
1769 1703 1955 1760 Sancti
2000 1701 2132 1762 Cle-

551 1800 757 1858 mentis
808 1801 984 1859 subiit
1038 1803 1097 1859 in
1148 1803 1386 1861 Castella
1428 1806 1587 1863 Nova
1642 1827 1654 1861 :
1701 1805 2029 1882 Eystadium
2073 1808 2133 1863 in

553 1899 805 1959 Bavaria.
833 1904 961 1960 Jam
995 1904 1186 1962 sedem
1217 1905 1470 1964 habebat
1499 1907 1802 1980 Homonae‚
1827 1906 1950 1965 haec
1969 1916 2134 1967 aucta

551 2013 609 2062 et
638 2004 977 2082 amplificata
1006 2016 1112 2065 est.
1144 2007 1314 2065 Pulsa
1347 2008 1530 2066 fuerat
1558 2007 1908 2085 Aquisgrano
1930 2053 1945 2082 7
1977 2010 2130 2068 resti·-

552 2114 675 2163 tuta
709 2116 794 2165 est
823 2109 991 2167 armis
1030 2119 1087 2167 et
1118 2111 1448 2168 auctoritate
1482 2109 1819 2168 Marchionis
1852 2109 2128 2188 Spinolae,

554 2211 716 2285 cujus
757 2210 816 2266 in
849 2213 1042 2270 castris
1085 2212 1228 2269 Socii
1271 2232 1367 2270 sex
1410 2232 1564 2269 arma
1599 2211 1872 2288 religiosae
1915 2212 2129 2269 militiae

553 2329 670 2367 non
704 2311 1049 2390 negligentes
1085 2322 1484 2371 tractaverunt.
1534 2312 1742 2386 Iidem,
1779 2324 1999 2392 recepta
2030 2336 2132 2394 per

554 2413 799 2472 eundem
844 2415 1129 2493 Spinolam
1175 2415 1424 2489 Vesalia,
1471 2415 1671 2473 docere
1714 2416 2022 2493 populum‚
2077 2427 2134 2475 et

555 2515 855 2593 importata
898 2538 998 2594 per
1035 2517 1173 2574 belli
1209 2527 1265 2575 et
1297 2519 1571 2576 haereseos
1605 2517 1885 2575 licentiam
1927 2518 2133 2576 damna

556 2620 759 2676 sarcire
782 2619 1142 2677 studuerunt.
1171 2621 1299 2678 Non
1320 2621 1534 2677 minore
1563 2619 1748 2677 studio
1779 2640 1842 2676 ac
1872 2639 2133 2678 successu

556 2718 876 2777 laboratum
899 2731 982 2779 est
1011 2722 1084 2778 ab
1108 2721 1229 2780 aliis
1260 2723 1318 2778 in
1346 2722 1623 2780 Ruthenis
1652 2722 1855 2799 partim
1879 2742 1910 2779 a
1939 2722 2132 2780 Graeco

559 2825 856 2884 schismate
877 2871 891 2899 a
950 2828 1153 2903 partim
1207 2847 1237 2883 a
1291 2826 1551 2903 dogmate
1609 2823 1930 2882 Calviniano
1980 2843 2132 2881 revo-

559 2929 772 2986 candis.
837 2929 1179 3005 Congressus
1240 2927 1422 2985 fuerat
1484 2945 1628 2983 anno
1680 2925 1963 3001 superiore
2017 2943 2133 2981 non

560 3028 733 3088 semel
756 3049 884 3086 cum
907 3030 1211 3087 Socinianis
1234 3029 1298 3086 P.
1324 3024 1778 3086 Radsiminskius
1795 3023 2132 3081 Levartoviae

559 3151 676 3189 non
718 3131 917 3208 procul
950 3130 1234 3188 Lubdino.
1283 3129 1678 3205 Redintegrata
1729 3135 1812 3183 est
1849 3145 2038 3203 pugn-a
2074 3124 2131 3180 in

560 3233 738 3311 ipsius
767 3232 1015 3293 Lubdini
1051 3232 1209 3308 luce,
1254 3249 1532 3300 concursu
1571 3228 1822 3288 omnium
1853 3226 2130 3286 Ordinum
