2210 3651
781 283 950 323 1NDEx
993 282 1428 322 ALPHABETnnm.
1878 257 1996 317 289

274 387 555 447 Ingravescit
578 387 894 434 controversia
915 391 962 430 et
984 399 1007 429 a
1030 383 1081 429 P.
1106 383 1389 428 Bellarmino
1413 387 1623 441 urgetur.
1650 380 1733 426 191
1760 385 1806 424 et
1828 394 1928 438 seq.

272 469 488 514 Defensio
512 470 613 528 ejus
635 484 659 514 a
681 472 792 513 viris
810 469 1085 513 auctoritate
1111 466 1324 523 gravibus
1346 466 1572 510 exhibita.
1595 465 1685 509 255
1707 471 1753 508 ct
1774 464 1882 509 254.

214 548 391 596 NOLAE
418 551 679 611 Collegium
705 552 945 596 fundatur.
972 547 1030 592 11.
1056 547 1135 591 25.

212 630 605 678 NOVELLARIAE
631 634 797 678 domus
820 630 1115 676 Probationis
1137 632 1304 672 erecta.
1328 627 1389 671 II.
1415 629 1520 673 152.

209 711 444 759 NOVESII
468 715 683 760 Societati
709 716 1002 759 domicilium
1025 711 1322 755 attributum.
1348 709 1424 756 IV.
1447 712 1554 756 245.

210 793 647 842 NOVODOMENSE
672 800 721 841 in
748 797 966 844 Bohemia
992 801 1267 860 Collegium.
1295 800 1379 845 III.
1409 802 1513 846 171.

212 875 603 924 NUMANTINUM
628 879 888 937 Collegium
915 880 1178 928 fundatum.
1204 881 1269 926 11.
1289 883 1398 927 272.

211 956 468 1004 NUNNlUS
494 959 838 1005 BARRETTUS
874 959 944 1020 (P.
968 963 1191 1025 Joannes)
1217 964 1473 1024 AEthiopiae
1494 963 1775 1009 Patriarcha.
1803 963 1840 1007 I.
1867 964 1974 1010 254.

274 1036 330 1083 In
352 1038 557 1099 Collegio
578 1040 738 1086 Goano
762 1045 981 1088 moritur.
999 1044 1058 1089 11.
1085 1045 1160 1090 57.

1084 1169 1144 1228 (>

215 1288 448 1336 OCANIAE
473 1293 522 1334 in
547 1290 767 1350 Hispania
789 1292 981 1353 Collegii
1005 1295 1212 1341 difficilia
1233 1300 1384 1341 initia.
1410 1296 1470 1342 ΙΙ.
1494 1297 1555 1342 25
1580 1304 1626 1342 et
1648 1298 1728 1343 24.

213 1370 488 1417 ODOENUS
508 1372 574 1430 (P.
601 1373 836 1435 Nicolaus)
863 1376 1041 1421 crudeli
1064 1383 1216 1421 morte
1236 1380 1285 1421 in
1307 1378 1474 1437 Anglia
1498 1377 1716 1423 afficitur.
1739 1378 1815 1425 lv.
1841 1378 1916 1424 56.

213 1451 530 1499 OENIPONTI
554 1454 832 1515 Collegium.
857 1456 918 1501 II.
946 1458 1002 1502 72
1028 1464 1073 1502 et
1092 1458 1168 1503 IV.
1193 1457 1270 1503 66.

213 1533 583 1582 OETTINGANA
606 1540 654 1581 in
678 1537 865 1582 Bavaria
889 1539 1056 1584 domus
1080 1539 1390 1585 Probationis.
1414 1539 1495 1584 ΙΙΙ.
1522 1539 1630 1586 165.

216 1608 526 1663 OGILBAEUS
552 1616 619 1678 (P.
641 1618 860 1674 Joannes)
885 1622 933 1663 in
957 1618 1110 1665 Scotia
1132 1624 1261 1665 saevis
1294 1625 1541 1667 tormentis
1572 1627 1619 1667 et
1650 1628 1802 1667 morte
1823 1622 2014 1668 tandem

338 1700 555 1743 afficitur.
579 1698 656 1744 IV.
681 1698 770 1743 204
794 1707 839 1744 et
862 1713 963 1758 seq.

215 1777 565 1826 OLDCORNUS
601 1777 671 1838 (P.
698 1777 962 1839 Eduardus)
993 1779 1227 1839 Vigorniae
1260 1790 1310 1826 in
1335 1787 1501 1844 Anglia
1522 1801 1775 1847 suspensus
1803 1787 2015 1845 pulvera-

336 1865 419 1905 riae
443 1863 806 1920 conspirationis
829 1864 1147 1908 insimulatus,
1171 1862 1248 1910 IV.
1275 1865 1356 1910 55.

216 1943 565 1991 OLISIPPONE
587 1944 755 1988 domus
772 1943 897 1987 Prof.
919 1950 964 1988 et
977 1943 1237 2004 Collegium
1249 1946 1497 1993 conditum
1511 1962 1533 1992 a
1546 1947 1727 1994 Joanne
1741 1947 1825 1992 111.
1846 1946 1886 1992 I.
1904 1947 2017 1994 229.

278 2028 453 2072 Domus
476 2040 563 2085 pro
581 2027 946 2070 catechumenis.
970 2025 1053 2070 III.
1075 2026 1151 2071 72.

277 2108 595 2155 Seminarium
616 2122 704 2165 pro
726 2107 954 2151 hibernis.
979 2109 1084 2153 171.

278 2191 458 2236 Domus
481 2192 672 2248 propria
699 2189 968 2234 Tironibus.
995 2190 1106 2237 259.

218 2272 504 2321 OLOMUCII
525 2276 576 2317 in
600 2271 802 2317 Moravia
825 2272 1086 2333 Collegium
1108 2274 1402 2318 inchoatum.
1427 2273 1490 2318 11.
1517 2275 1622 2320 155.

281 2356 594 2402 Seminarium
616 2356 823 2401 additur.
849 2355 956 2401 508.

220 2439 440 2486 OMURAE
465 2443 515 2483 in
538 2439 734 2497 Japonia
757 2438 856 2482 Rex
878 2439 1156 2497 baptizatus.
1183 2439 1475 2497 Religionem
1496 2444 1760 2495 promovet.
1779 2437 1838 2482 11.
1867 2437 1972 2483 120.

282 2522 493 2566 Pericula
516 2535 539 2564 a
562 2521 766 2564 Bonziis.
796 2520 884 2564 125
908 2525 953 2564 et
976 2533 1075 2577 seq.

279 2602 446 2647 Civitas
476 2602 633 2645 divina
658 2615 747 2659 ope
769 2607 996 2660 protecta.
1022 2601 1129 2647 257.

283 2687 380 2731 Rex
403 2688 621 2730 moritur.
648 2683 730 2728 111.
757 2684 862 2729 105.

223 2767 572 2814 ONNATENSE
594 2767 854 2827 Collegium
875 2767 1119 2827 Vergaram
1145 2770 1194 2810 in
1218 2766 1410 2811 Castella
1434 2764 1728 2810 transfertur.
1751 2763 1834 2810 111.
1858 2765 1966 2812 259.

225 2849 618 2897 OROPEZANUM
642 2850 918 2910 Collegium.
944 2849 1002 2895 ΙΙ.
1027 2850 1136 2894 215.

284 2933 571 2991 Repetitum.
596 2931 679 2976 III.
709 2933 813 2977 145.

228 3013 573 3060 ORSONENSE
598 3017 647 3057 in
670 3013 845 3058 Boetica
868 3013 1144 3071 Collegium.
1166 3010 1250 3056 III.
1273 3011 1379 3056 507.

228 3095 488 3142 OSCENSE
513 3100 562 3140 in
585 3095 814 3154 Aragonia
835 3094 1112 3153 Collegium.
1138 3092 1221 3137 ΙΙΙ.
1248 3093 1336 3139 259
1359 3100 1405 3136 et
1429 3092 1504 3137 IV.
1530 3091 1604 3135 55.

231 3177 480 3224 OVIEDUS
507 3174 574 3237 (P.
611 3175 833 3238 Andreas)
867 3177 1121 3235 AEthiopiae
1154 3177 1432 3221 Patriarchae
1457 3175 1661 3231 adjutor,
1685 3179 1731 3218 et
1765 3173 2024 3234 Episcopus

355 3258 729 3316 Hierapolitanus
753 3265 957 3305 creatur.
978 3258 1016 3302 1.
1040 3259 1131 3303 255
1153 3265 1198 3303 et
1218 3258 1325 3302 254.

466 3342 627 3399 anu
667 3341 778 3399 ῙῬἾ
1762 3336 1837 3392 21
