2210 3651
484 285 754 325 HisTon1AE
794 280 1113 320 soc1ETAT1s
1154 284 1304 322 nasu.
1558 262 1672 322 109

127 410 294 468 quam
339 399 402 445 ut
440 386 790 455 Probationis
832 384 1063 441 domum
1103 384 1160 439 in
1206 383 1413 459 oppido
1456 383 1677 442 Cordu-

121 491 280 548 bensi
312 490 632 559 collocaret,
669 486 981 544 studiorum
1014 486 1172 544 sedes
1201 486 1256 540 in
1289 484 1527 542 Chilensi
1561 485 1680 543 col-

119 591 262 667 legio
311 592 518 667 posita,
570 597 625 645 et
673 589 851 665 prima
909 588 1270 665 Congregatio
1330 588 1680 663 provincialis

119 691 309 748 habita
338 692 395 746 in
425 690 567 747 urbe
596 690 653 746 S.
687 690 908 762 Jacobi,
942 690 1192 766 ejusdem
1224 688 1494 746 Chilensis
1525 690 1680 764 regni

122 794 320 869 capite.
374 793 672 849 Decretum
715 790 821 847 fuit
869 791 1011 847 inter
1062 800 1239 847 cetera
1290 800 1354 847 ut
1404 790 1683 847 domicilia

121 893 405 951 Societatis
436 893 806 950 conderentur
829 893 883 947 in
922 893 985 948 iis
1009 893 1358 968 potissimum
1392 892 1526 949 locis
1554 910 1682 968 quae

117 995 315 1051 idonea
352 994 726 1071 propagandae
769 993 922 1069 apud
966 993 1265 1065 barbaros,
1313 1003 1368 1050 et
1424 992 1679 1050 fovendae

117 1095 261 1151 inter
311 1096 585 1172 Hispanos
640 1094 892 1169 religioni
955 1102 1330 1151 censerentur.
1388 1095 1550 1152 Visus
1597 1102 1682 1152 est

116 1199 174 1254 in
209 1198 274 1255 iis
310 1198 507 1254 merito
538 1196 918 1253 numerandus
953 1197 1089 1252 Boni
1128 1195 1283 1254 Aeris
1315 1196 1544 1269 Portus,
1582 1216 1681 1254 seu

115 1300 331 1357 Fanum
380 1297 436 1354 S.
478 1297 790 1369 Trinitatis,
834 1298 1145 1373 emporium
1179 1297 1419 1369 celebre,
1460 1297 1532 1353 ad
1582 1314 1680 1353 aes·

118 1401 362 1456 tuarium
405 1398 654 1454 fluminis
695 1396 984 1473 Argentei,
1028 1418 1094 1454 ex
1143 1417 1255 1473 quo
1297 1399 1356 1453 in
1406 1398 1676 1470 Peruam,

118 1501 345 1571 Chilen,
389 1508 444 1556 et
485 1499 846 1574 Paraguaiam
896 1498 1158 1574 frequens
1199 1509 1255 1554 et
1298 1498 1473 1556 facilis
1524 1510 1683 1555 tran-

116 1604 254 1661 situs
294 1611 396 1660 est.
447 1601 533 1657 Ibi
576 1601 714 1657 dum
752 1600 1035 1656 Societatis
1079 1600 1281 1657 domus
1319 1601 1679 1657 construitur.

116 1703 360 1761 Didacus
403 1702 600 1759 Torres
637 1701 894 1760 Chilense
938 1699 1234 1776 collegium
1278 1701 1501 1777 optimis
1544 1700 1686 1777 legi-

117 1806 227 1863 bus
255 1824 357 1881 pro
387 1804 626 1879 regionis
668 1803 983 1859 conditione
1019 1802 1375 1878 temperavit,
1409 1821 1476 1859 ex
1503 1820 1682 1878 eoque

117 1906 302 1965 statim
364 1904 565 1962 educta
614 1903 720 1960 fuit
776 1903 1102 1980 Evangelica
1159 1912 1344 1960 turma
1394 1905 1453 1960 in
1509 1924 1683 1982 expe-

119 2008 384 2064 ditionem
431 2007 503 2063 ad
549 2005 886 2078 Araucanos,
925 2014 1142 2081 gentem
1187 2004 1584 2064 ferocissimam
1627 2017 1684 2066 et

119 2108 377 2166 infestam
420 2107 712 2184 Hispanis,
758 2125 1000 2183 quorum
1044 2110 1274 2165 excusso
1307 2111 1480 2185 jug0,
1524 2111 1683 2186 quasi

117 2208 518 2287 perduellionis
571 2211 792 2285 signum
848 2209 1207 2268 sustulerant.
1265 2211 1479 2269 Chileni
1528 2213 1684 2289 regni

117 2310 318 2368 vallem
373 2330 404 2366 a
461 2310 741 2386 trigesimo
800 2312 1066 2388 septimO,
1139 2310 1407 2371 Austrum
1457 2333 1680 2387 versuS,

116 2411 297 2488 gradu
329 2410 493 2487 longe
526 2410 750 2488 lateque
791 2423 1102 2488 porrectam
1139 2414 1415 2472 obtinent.
1461 2414 1546 2471 Ad
1589 2433 1683 2474 eos

117 2511 347 2591 profecti
394 2512 581 2570 Patres
623 2514 868 2589 primum
916 2533 1142 2591 operam
1182 2523 1459 2572 navarunt
1486 2515 1685 2592 Hispa-

119 2615 204 2672 nis
233 2613 506 2672 militibus
528 2614 903 2691 praesidiariis,
931 2617 1028 2692 qui
1059 2624 1215 2673 erant
1242 2617 1299 2672 in
1324 2636 1447 2673 arce
1467 2614 1683 2674 Arauco

121 2716 193 2772 ad
229 2716 340 2771 vim
390 2715 763 2772 barbarorum
814 2717 1173 2773 coercendam
1223 2717 1505 2786 collocati,
1552 2717 1684 2775 inde

119 2819 394 2893 progressi
452 2817 523 2873 ad
574 2816 742 2874 Indos
799 2838 900 2894 per
942 2817 1185 2894 amplam
1239 2818 1440 2875 vallem
1497 2817 1680 2891 quOS,

118 2919 343 2976 illorum
381 2920 649 2996 primores
689 2929 899 2977 certum
938 2921 994 2976 in
1031 2921 1214 2979 locum
1254 2932 1681 3000 congregarunt,

1772 1922 1980 1979 Expeditio

1718 1993 1761 2034 in
1773 1995 2011 2042 Araucanos‚

126 3040 188 3077 ea
231 3041 328 3098 spe
380 3021 635 3079 futurum
679 3032 744 3078 ut
782 3022 985 3099 vulgus
1038 3024 1110 3079 ad
1153 3043 1346 3081 eorum
1402 3025 1720 3082 accederet·

129 3123 490 3195 sententiam,
535 3125 578 3180 si
623 3124 761 3200 quid
813 3125 1176 3182 constitutum
1213 3127 1278 3184 iis
1313 3125 1685 3204 probantibus

129 3220 289 3279 foret.
323 3222 526 3281 Iisdem
555 3226 984 3285 assentientibus
1015 3228 1141 3304 pagi
1171 3247 1344 3305 prope
1373 3225 1681 3298 innumeri,
