<?xml version="1.0" encoding="UTF-8"?>
<!DOCTYPE html PUBLIC "-//W3C//DTD XHTML 1.0 Transitional//EN"
    "http://www.w3.org/TR/xhtml1/DTD/xhtml1-transitional.dtd">
<html xmlns="http://www.w3.org/1999/xhtml" xml:lang="en" lang="en">
 <head>
  <title>
</title>
<meta http-equiv="Content-Type" content="text/html;charset=utf-8" />
  <meta name='ocr-system' content='tesseract 3.04.00' />
  <meta name='ocr-capabilities' content='ocr_page ocr_carea ocr_par ocr_line ocrx_word'/>
</head>
<body>
  <div class='ocr_page' id='page_1' title='image "./epitomehistoriso04jouv_0045.png"; bbox 0 0 2210 3651; ppageno 0'>
   <div class='ocr_carea' id='block_1_1' title="bbox 469 250 1698 311">
    <p class='ocr_par' dir='ltr' id='par_1_1' title="bbox 469 250 1698 311">
     <span class='ocr_line' id='line_1_1' title="bbox 469 250 1698 311; baseline 0.002 -6"><span class='ocrx_word' id='word_1_1' title='bbox 469 268 742 305; x_wconf 72' lang='lat' dir='ltr'>n1s‘romAE</span> <span class='ocrx_word' id='word_1_2' title='bbox 785 265 1105 304; x_wconf 83' lang='lat' dir='ltr'><strong>SOCIETATIS</strong></span> <span class='ocrx_word' id='word_1_3' title='bbox 1149 269 1301 309; x_wconf 74' lang='lat' dir='ltr'>Jsssu.</span> <span class='ocrx_word' id='word_1_4' title='bbox 1622 250 1698 311; x_wconf 85' lang='lat'>37</span> 
     </span>
    </p>
   </div>
   <div class='ocr_carea' id='block_1_2' title="bbox 96 370 1699 3292">
    <p class='ocr_par' dir='ltr' id='par_1_2' title="bbox 130 370 1698 652">
     <span class='ocr_line' id='line_1_2' title="bbox 133 370 1698 450; baseline 0.004 -21"><span class='ocrx_word' id='word_1_5' title='bbox 133 370 360 443; x_wconf 92' lang='lat' dir='ltr'>eadem,</span> <span class='ocrx_word' id='word_1_6' title='bbox 404 391 532 448; x_wconf 86' lang='lat' dir='ltr'>quae</span> <span class='ocrx_word' id='word_1_7' title='bbox 575 372 634 428; x_wconf 93' lang='lat' dir='ltr'>in</span> <span class='ocrx_word' id='word_1_8' title='bbox 684 372 933 445; x_wconf 84' lang='lat' dir='ltr'>civitate,</span> <span class='ocrx_word' id='word_1_9' title='bbox 988 372 1180 428; x_wconf 91' lang='lat' dir='ltr'>munia</span> <span class='ocrx_word' id='word_1_10' title='bbox 1224 372 1514 450; x_wconf 87' lang='lat' dir='ltr'>obierunt,</span> <span class='ocrx_word' id='word_1_11' title='bbox 1561 397 1698 435; x_wconf 92' lang='lat' dir='ltr'>con-</span> 
     </span>
     <span class='ocr_line' id='line_1_3' title="bbox 130 471 1695 555; baseline 0.006 -29"><span class='ocrx_word' id='word_1_12' title='bbox 130 471 342 528; x_wconf 88' lang='lat' dir='ltr'>fluente</span> <span class='ocrx_word' id='word_1_13' title='bbox 376 471 447 528; x_wconf 91' lang='lat' dir='ltr'>ad</span> <span class='ocrx_word' id='word_1_14' title='bbox 470 491 564 530; x_wconf 89' lang='lat' dir='ltr'>eos</span> <span class='ocrx_word' id='word_1_15' title='bbox 603 493 670 530; x_wconf 85' lang='lat' dir='ltr'>ex</span> <span class='ocrx_word' id='word_1_16' title='bbox 704 473 847 530; x_wconf 88' lang='lat' dir='ltr'>urbe</span> <span class='ocrx_word' id='word_1_17' title='bbox 882 483 1032 531; x_wconf 86' lang='lat' dir='ltr'>tanta</span> <span class='ocrx_word' id='word_1_18' title='bbox 1069 473 1470 532; x_wconf 91' lang='lat' dir='ltr'>catholicorum</span> <span class='ocrx_word' id='word_1_19' title='bbox 1508 479 1695 555; x_wconf 90' lang='lat' dir='ltr'>copia,</span> 
     </span>
     <span class='ocr_line' id='line_1_4' title="bbox 130 572 1340 652; baseline 0.004 -26"><span class='ocrx_word' id='word_1_20' title='bbox 130 580 194 627; x_wconf 90' lang='lat' dir='ltr'>ut</span> <span class='ocrx_word' id='word_1_21' title='bbox 224 572 290 629; x_wconf 90' lang='lat' dir='ltr'>iis</span> <span class='ocrx_word' id='word_1_22' title='bbox 325 573 606 650; x_wconf 84' lang='lat' dir='ltr'>capiendis</span> <span class='ocrx_word' id='word_1_23' title='bbox 644 584 914 651; x_wconf 87' lang='lat' dir='ltr'>angustus</span> <span class='ocrx_word' id='word_1_24' title='bbox 956 594 1133 652; x_wconf 87' lang='lat' dir='ltr'>pagus</span> <span class='ocrx_word' id='word_1_25' title='bbox 1177 584 1340 633; x_wconf 86' lang='lat' dir='ltr'>esset.</span> 
     </span>
    </p>

    <p class='ocr_par' dir='ltr' id='par_1_3' title="bbox 121 675 1699 2152">
     <span class='ocr_line' id='line_1_5' title="bbox 293 675 1696 753; baseline 0.003 -21"><span class='ocrx_word' id='word_1_26' title='bbox 293 677 420 732; x_wconf 86' lang='lat' dir='ltr'>Non</span> <span class='ocrx_word' id='word_1_27' title='bbox 469 675 665 733; x_wconf 89' lang='lat' dir='ltr'>eadem</span> <span class='ocrx_word' id='word_1_28' title='bbox 721 676 973 753; x_wconf 78' lang='lat' dir='ltr'>religioni</span> <span class='ocrx_word' id='word_1_29' title='bbox 1024 676 1253 735; x_wconf 89' lang='lat' dir='ltr'>libertas</span> <span class='ocrx_word' id='word_1_30' title='bbox 1307 677 1598 735; x_wconf 82' lang='lat' dir='ltr'>constabat</span> <span class='ocrx_word' id='word_1_31' title='bbox 1640 680 1696 736; x_wconf 91' lang='lat' dir='ltr'>in</span> 
     </span>
     <span class='ocr_line' id='line_1_6' title="bbox 128 773 1694 856; baseline 0.003 -24"><span class='ocrx_word' id='word_1_32' title='bbox 128 773 347 852; x_wconf 88' lang='lat' dir='ltr'>Anglia.</span> <span class='ocrx_word' id='word_1_33' title='bbox 383 777 664 835; x_wconf 87' lang='lat' dir='ltr'>Robertus</span> <span class='ocrx_word' id='word_1_34' title='bbox 695 777 960 851; x_wconf 82' lang='lat' dir='ltr'>CeciliuS,</span> <span class='ocrx_word' id='word_1_35' title='bbox 995 777 1187 836; x_wconf 82' lang='lat' dir='ltr'>aulicis</span> <span class='ocrx_word' id='word_1_36' title='bbox 1219 779 1436 837; x_wconf 87' lang='lat' dir='ltr'>artibus</span> <span class='ocrx_word' id='word_1_37' title='bbox 1465 780 1694 856; x_wconf 78' lang='lat' dir='ltr'>gratiam</span> 
     </span>
     <span class='ocr_line' id='line_1_7' title="bbox 129 877 1698 956; baseline 0.001 -22"><span class='ocrx_word' id='word_1_38' title='bbox 129 877 464 936; x_wconf 84' lang='lat' dir='ltr'>Elisabethae</span> <span class='ocrx_word' id='word_1_39' title='bbox 512 889 858 956; x_wconf 74' lang='lat' dir='ltr'>aucupatus,</span> <span class='ocrx_word' id='word_1_40' title='bbox 904 879 977 936; x_wconf 91' lang='lat' dir='ltr'>ad</span> <span class='ocrx_word' id='word_1_41' title='bbox 1021 899 1270 938; x_wconf 91' lang='lat' dir='ltr'>summos</span> <span class='ocrx_word' id='word_1_42' title='bbox 1322 880 1593 953; x_wconf 90' lang='lat' dir='ltr'>honores,</span> <span class='ocrx_word' id='word_1_43' title='bbox 1643 890 1698 938; x_wconf 95' lang='lat' dir='ltr'>et</span> 
     </span>
     <span class='ocr_line' id='line_1_8' title="bbox 129 978 1694 1059; baseline 0.002 -24"><span class='ocrx_word' id='word_1_44' title='bbox 129 978 543 1037; x_wconf 84' lang='lat' dir='ltr'>formidabilem</span> <span class='ocrx_word' id='word_1_45' title='bbox 604 979 922 1053; x_wconf 72' lang='lat' dir='ltr'>catholicis,</span> <span class='ocrx_word' id='word_1_46' title='bbox 984 1001 1125 1058; x_wconf 91' lang='lat' dir='ltr'>quos</span> <span class='ocrx_word' id='word_1_47' title='bbox 1174 983 1413 1059; x_wconf 89' lang='lat' dir='ltr'>pessime</span> <span class='ocrx_word' id='word_1_48' title='bbox 1471 981 1694 1055; x_wconf 91' lang='lat' dir='ltr'>oderat,</span> 
     </span>
     <span class='ocr_line' id='line_1_9' title="bbox 124 1081 1697 1158; baseline 0.003 -21"><span class='ocrx_word' id='word_1_49' title='bbox 124 1083 430 1157; x_wconf 89' lang='lat' dir='ltr'>potentiam</span> <span class='ocrx_word' id='word_1_50' title='bbox 475 1081 820 1158; x_wconf 80' lang='lat' dir='ltr'>obrepserat.</span> <span class='ocrx_word' id='word_1_51' title='bbox 879 1082 1083 1140; x_wconf 90' lang='lat' dir='ltr'>Iisdem</span> <span class='ocrx_word' id='word_1_52' title='bbox 1131 1084 1348 1141; x_wconf 89' lang='lat' dir='ltr'>artibus</span> <span class='ocrx_word' id='word_1_53' title='bbox 1387 1083 1458 1140; x_wconf 88' lang='lat' dir='ltr'>ad</span> <span class='ocrx_word' id='word_1_54' title='bbox 1499 1083 1697 1141; x_wconf 88' lang='lat' dir='ltr'>Jacobi</span> 
     </span>
     <span class='ocr_line' id='line_1_10' title="bbox 127 1182 1697 1260; baseline 0.001 -22"><span class='ocrx_word' id='word_1_55' title='bbox 127 1184 271 1260; x_wconf 90' lang='lat' dir='ltr'>regis</span> <span class='ocrx_word' id='word_1_56' title='bbox 306 1182 735 1247; x_wconf 85' lang='lat' dir='ltr'>familiaritatem</span> <span class='ocrx_word' id='word_1_57' title='bbox 771 1192 1085 1260; x_wconf 71' lang='lat' dir='ltr'>grassatus,</span> <span class='ocrx_word' id='word_1_58' title='bbox 1125 1183 1425 1242; x_wconf 91' lang='lat' dir='ltr'>catholicos</span> <span class='ocrx_word' id='word_1_59' title='bbox 1467 1184 1549 1240; x_wconf 91' lang='lat' dir='ltr'>illi</span> <span class='ocrx_word' id='word_1_60' title='bbox 1583 1194 1697 1241; x_wconf 86' lang='lat' dir='ltr'>tam</span> 
     </span>
     <span class='ocr_line' id='line_1_11' title="bbox 124 1283 1698 1362; baseline 0.003 -23"><span class='ocrx_word' id='word_1_61' title='bbox 124 1283 330 1341; x_wconf 89' lang='lat' dir='ltr'>invisos</span> <span class='ocrx_word' id='word_1_62' title='bbox 359 1283 634 1355; x_wconf 88' lang='lat' dir='ltr'>reddidit,</span> <span class='ocrx_word' id='word_1_63' title='bbox 683 1292 746 1338; x_wconf 91' lang='lat' dir='ltr'>ut</span> <span class='ocrx_word' id='word_1_64' title='bbox 776 1302 869 1342; x_wconf 91' lang='lat' dir='ltr'>eos</span> <span class='ocrx_word' id='word_1_65' title='bbox 898 1284 1165 1343; x_wconf 85' lang='lat' dir='ltr'>radicitus</span> <span class='ocrx_word' id='word_1_66' title='bbox 1203 1287 1477 1362; x_wconf 84' lang='lat' dir='ltr'>extirpare</span> <span class='ocrx_word' id='word_1_67' title='bbox 1512 1285 1698 1343; x_wconf 91' lang='lat' dir='ltr'>decre-</span> 
     </span>
     <span class='ocr_line' id='line_1_12' title="bbox 126 1384 1697 1462; baseline 0.002 -22"><span class='ocrx_word' id='word_1_68' title='bbox 126 1386 266 1441; x_wconf 84' lang='lat' dir='ltr'>verit</span> <span class='ocrx_word' id='word_1_69' title='bbox 322 1392 587 1458; x_wconf 87' lang='lat' dir='ltr'>tanquam</span> <span class='ocrx_word' id='word_1_70' title='bbox 644 1384 889 1442; x_wconf 73' lang='lat' dir='ltr'>veritatis</span> <span class='ocrx_word' id='word_1_71' title='bbox 943 1385 1132 1442; x_wconf 89' lang='lat' dir='ltr'>hostes</span> <span class='ocrx_word' id='word_1_72' title='bbox 1184 1395 1239 1442; x_wconf 93' lang='lat' dir='ltr'>et</span> <span class='ocrx_word' id='word_1_73' title='bbox 1290 1405 1441 1443; x_wconf 87' lang='lat' dir='ltr'>suos.</span> <span class='ocrx_word' id='word_1_74' title='bbox 1501 1385 1697 1462; x_wconf 90' lang='lat' dir='ltr'>Itaque</span> 
     </span>
     <span class='ocr_line' id='line_1_13' title="bbox 124 1483 1698 1562; baseline 0.001 -21"><span class='ocrx_word' id='word_1_75' title='bbox 124 1483 356 1561; x_wconf 89' lang='lat' dir='ltr'>publico</span> <span class='ocrx_word' id='word_1_76' title='bbox 391 1484 573 1540; x_wconf 90' lang='lat' dir='ltr'>edicto</span> <span class='ocrx_word' id='word_1_77' title='bbox 615 1484 966 1560; x_wconf 90' lang='lat' dir='ltr'>prohibitum</span> <span class='ocrx_word' id='word_1_78' title='bbox 1000 1484 1136 1557; x_wconf 87' lang='lat' dir='ltr'>fuit,</span> <span class='ocrx_word' id='word_1_79' title='bbox 1181 1495 1417 1542; x_wconf 88' lang='lat' dir='ltr'>exeunte</span> <span class='ocrx_word' id='word_1_80' title='bbox 1450 1486 1698 1562; x_wconf 86' lang='lat' dir='ltr'>Septem-</span> 
     </span>
     <span class='ocr_line' id='line_1_14' title="bbox 121 1585 1699 1664; baseline 0.002 -22"><span class='ocrx_word' id='word_1_81' title='bbox 121 1585 244 1660; x_wconf 89' lang='lat' dir='ltr'>bri,</span> <span class='ocrx_word' id='word_1_82' title='bbox 290 1585 516 1643; x_wconf 88' lang='lat' dir='ltr'>alterius</span> <span class='ocrx_word' id='word_1_83' title='bbox 559 1585 860 1662; x_wconf 89' lang='lat' dir='ltr'>cujuslibet</span> <span class='ocrx_word' id='word_1_84' title='bbox 905 1596 1280 1664; x_wconf 76' lang='lat' dir='ltr'>praeterquam</span> <span class='ocrx_word' id='word_1_85' title='bbox 1332 1586 1699 1664; x_wconf 88' lang='lat' dir='ltr'>parlamenta-</span> 
     </span>
     <span class='ocr_line' id='line_1_15' title="bbox 123 1688 1697 1765; baseline 0.001 -21"><span class='ocrx_word' id='word_1_86' title='bbox 123 1688 249 1760; x_wconf 88' lang='lat' dir='ltr'>riae,</span> <span class='ocrx_word' id='word_1_87' title='bbox 309 1697 373 1745; x_wconf 88' lang='lat' dir='ltr'>ut</span> <span class='ocrx_word' id='word_1_88' title='bbox 435 1697 662 1760; x_wconf 85' lang='lat' dir='ltr'>vocant,</span> <span class='ocrx_word' id='word_1_89' title='bbox 723 1688 1006 1765; x_wconf 88' lang='lat' dir='ltr'>religionis</span> <span class='ocrx_word' id='word_1_90' title='bbox 1073 1690 1420 1747; x_wconf 84' lang='lat' dir='ltr'>exercitium.</span> <span class='ocrx_word' id='word_1_91' title='bbox 1494 1689 1697 1747; x_wconf 86' lang='lat' dir='ltr'>Priscae</span> 
     </span>
     <span class='ocr_line' id='line_1_16' title="bbox 125 1789 1698 1867; baseline -0.001 -20"><span class='ocrx_word' id='word_1_92' title='bbox 125 1790 275 1867; x_wconf 89' lang='lat' dir='ltr'>leges</span> <span class='ocrx_word' id='word_1_93' title='bbox 318 1790 391 1846; x_wconf 91' lang='lat' dir='ltr'>ab</span> <span class='ocrx_word' id='word_1_94' title='bbox 435 1789 755 1847; x_wconf 86' lang='lat' dir='ltr'>Elisabetha</span> <span class='ocrx_word' id='word_1_95' title='bbox 794 1799 984 1847; x_wconf 90' lang='lat' dir='ltr'>contra</span> <span class='ocrx_word' id='word_1_96' title='bbox 1023 1790 1179 1848; x_wconf 88' lang='lat' dir='ltr'>Fidei</span> <span class='ocrx_word' id='word_1_97' title='bbox 1213 1792 1482 1848; x_wconf 86' lang='lat' dir='ltr'>Romanae</span> <span class='ocrx_word' id='word_1_98' title='bbox 1525 1790 1698 1848; x_wconf 89' lang='lat' dir='ltr'>culto·</span> 
     </span>
     <span class='ocr_line' id='line_1_17' title="bbox 124 1890 1694 1970; baseline 0 -22"><span class='ocrx_word' id='word_1_99' title='bbox 124 1911 210 1949; x_wconf 90' lang='lat' dir='ltr'>res</span> <span class='ocrx_word' id='word_1_100' title='bbox 251 1891 380 1948; x_wconf 85' lang='lat' dir='ltr'>latae</span> <span class='ocrx_word' id='word_1_101' title='bbox 424 1892 828 1950; x_wconf 89' lang='lat' dir='ltr'>recentioribus</span> <span class='ocrx_word' id='word_1_102' title='bbox 879 1893 1319 1970; x_wconf 86' lang='lat' dir='ltr'>durioribusque</span> <span class='ocrx_word' id='word_1_103' title='bbox 1363 1890 1694 1965; x_wconf 86' lang='lat' dir='ltr'>cumulatae,</span> 
     </span>
     <span class='ocr_line' id='line_1_18' title="bbox 123 1993 1698 2070; baseline 0 -21"><span class='ocrx_word' id='word_1_104' title='bbox 123 2003 351 2070; x_wconf 85' lang='lat' dir='ltr'>tamque</span> <span class='ocrx_word' id='word_1_105' title='bbox 400 1993 732 2051; x_wconf 89' lang='lat' dir='ltr'>miserabilis</span> <span class='ocrx_word' id='word_1_106' title='bbox 796 1994 970 2052; x_wconf 86' lang='lat' dir='ltr'>evasit</span> <span class='ocrx_word' id='word_1_107' title='bbox 1026 1994 1252 2051; x_wconf 88' lang='lat' dir='ltr'>illorum</span> <span class='ocrx_word' id='word_1_108' title='bbox 1304 1993 1582 2067; x_wconf 91' lang='lat' dir='ltr'>conditio,</span> <span class='ocrx_word' id='word_1_109' title='bbox 1634 2001 1698 2050; x_wconf 88' lang='lat' dir='ltr'>ut</span> 
     </span>
     <span class='ocr_line' id='line_1_19' title="bbox 122 2093 900 2152; baseline 0.001 -2"><span class='ocrx_word' id='word_1_110' title='bbox 122 2093 442 2152; x_wconf 90' lang='lat' dir='ltr'>Elisabetha</span> <span class='ocrx_word' id='word_1_111' title='bbox 472 2093 900 2151; x_wconf 87' lang='lat' dir='ltr'>desideraretur.</span> 
     </span>
    </p>

    <p class='ocr_par' dir='ltr' id='par_1_4' title="bbox 96 2193 1699 3292">
     <span class='ocr_line' id='line_1_20' title="bbox 287 2193 1693 2270; baseline -0.001 -19"><span class='ocrx_word' id='word_1_112' title='bbox 287 2195 468 2266; x_wconf 83' lang='lat' dir='ltr'>Quam</span> <span class='ocrx_word' id='word_1_113' title='bbox 530 2194 589 2249; x_wconf 89' lang='lat' dir='ltr'>in</span> <span class='ocrx_word' id='word_1_114' title='bbox 643 2193 842 2270; x_wconf 91' lang='lat' dir='ltr'>Anglia</span> <span class='ocrx_word' id='word_1_115' title='bbox 895 2214 1005 2251; x_wconf 89' lang='lat' dir='ltr'>non</span> <span class='ocrx_word' id='word_1_116' title='bbox 1062 2193 1385 2252; x_wconf 85' lang='lat' dir='ltr'>inveniebat</span> <span class='ocrx_word' id='word_1_117' title='bbox 1447 2194 1693 2270; x_wconf 91' lang='lat' dir='ltr'>quietem</span> 
     </span>
     <span class='ocr_line' id='line_1_21' title="bbox 121 2273 1686 2373; baseline -0.001 -19"><span class='ocrx_word' id='word_1_118' title='bbox 121 2297 315 2373; x_wconf 90' lang='lat' dir='ltr'>religio</span> <span class='ocrx_word' id='word_1_119' title='bbox 358 2304 413 2353; x_wconf 90' lang='lat' dir='ltr'>et</span> <span class='ocrx_word' id='word_1_120' title='bbox 463 2273 853 2368; x_wconf 84' lang='lat' dir='ltr'>securitatem,</span> <span class='ocrx_word' id='word_1_121' title='bbox 907 2297 962 2352; x_wconf 92' lang='lat' dir='ltr'>in</span> <span class='ocrx_word' id='word_1_122' title='bbox 1018 2295 1212 2352; x_wconf 86' lang='lat' dir='ltr'>ultima</span> <span class='ocrx_word' id='word_1_123' title='bbox 1261 2295 1473 2352; x_wconf 81' lang='lat' dir='ltr'>invenit</span> <span class='ocrx_word' id='word_1_124' title='bbox 1538 2293 1686 2353; x_wconf 86' lang='lat' dir='ltr'>Asia.</span> 
     </span>
     <span class='ocr_line' id='line_1_22' title="bbox 123 2396 1696 2476; baseline -0.001 -20"><span class='ocrx_word' id='word_1_125' title='bbox 123 2400 461 2476; x_wconf 89' lang='lat' dir='ltr'>Supremum</span> <span class='ocrx_word' id='word_1_126' title='bbox 494 2396 641 2453; x_wconf 91' lang='lat' dir='ltr'>diem</span> <span class='ocrx_word' id='word_1_127' title='bbox 679 2397 894 2454; x_wconf 87' lang='lat' dir='ltr'>obierat</span> <span class='ocrx_word' id='word_1_128' title='bbox 921 2397 1081 2454; x_wconf 89' lang='lat' dir='ltr'>Pauli</span> <span class='ocrx_word' id='word_1_129' title='bbox 1112 2397 1346 2455; x_wconf 90' lang='lat' dir='ltr'>celebris</span> <span class='ocrx_word' id='word_1_130' title='bbox 1381 2398 1696 2455; x_wconf 90' lang='lat' dir='ltr'>mandarini</span> 
     </span>
     <span class='ocr_line' id='line_1_23' title="bbox 125 2499 1696 2577; baseline -0.001 -19"><span class='ocrx_word' id='word_1_131' title='bbox 125 2499 470 2558; x_wconf 86' lang='lat' dir='ltr'>Christianus</span> <span class='ocrx_word' id='word_1_132' title='bbox 505 2508 682 2575; x_wconf 90' lang='lat' dir='ltr'>pater.</span> <span class='ocrx_word' id='word_1_133' title='bbox 724 2499 812 2555; x_wconf 90' lang='lat' dir='ltr'>Illi</span> <span class='ocrx_word' id='word_1_134' title='bbox 849 2499 1078 2577; x_wconf 91' lang='lat' dir='ltr'>publice</span> <span class='ocrx_word' id='word_1_135' title='bbox 1116 2508 1468 2577; x_wconf 87' lang='lat' dir='ltr'>parentatum</span> <span class='ocrx_word' id='word_1_136' title='bbox 1507 2508 1590 2557; x_wconf 91' lang='lat' dir='ltr'>est</span> <span class='ocrx_word' id='word_1_137' title='bbox 1631 2519 1696 2557; x_wconf 91' lang='lat' dir='ltr'>eo</span> 
     </span>
     <span class='ocr_line' id='line_1_24' title="bbox 123 2600 1698 2677; baseline 0.001 -21"><span class='ocrx_word' id='word_1_138' title='bbox 123 2601 259 2672; x_wconf 88' lang='lat' dir='ltr'>ritu,</span> <span class='ocrx_word' id='word_1_139' title='bbox 293 2619 461 2676; x_wconf 91' lang='lat' dir='ltr'>quem</span> <span class='ocrx_word' id='word_1_140' title='bbox 493 2619 766 2677; x_wconf 87' lang='lat' dir='ltr'>usurpare</span> <span class='ocrx_word' id='word_1_141' title='bbox 800 2602 856 2656; x_wconf 92' lang='lat' dir='ltr'>in</span> <span class='ocrx_word' id='word_1_142' title='bbox 889 2602 1138 2677; x_wconf 82' lang='lat' dir='ltr'>exequiis</span> <span class='ocrx_word' id='word_1_143' title='bbox 1171 2602 1421 2657; x_wconf 87' lang='lat' dir='ltr'>Romana</span> <span class='ocrx_word' id='word_1_144' title='bbox 1458 2600 1698 2658; x_wconf 90' lang='lat' dir='ltr'>Ecclesia</span> 
     </span>
     <span class='ocr_line' id='line_1_25' title="bbox 124 2700 1699 2779; baseline -0.003 -18"><span class='ocrx_word' id='word_1_145' title='bbox 124 2703 434 2761; x_wconf 89' lang='lat' dir='ltr'>consuevit.</span> <span class='ocrx_word' id='word_1_146' title='bbox 473 2701 666 2758; x_wconf 87' lang='lat' dir='ltr'>Palam</span> <span class='ocrx_word' id='word_1_147' title='bbox 689 2704 872 2760; x_wconf 87' lang='lat' dir='ltr'>testati</span> <span class='ocrx_word' id='word_1_148' title='bbox 908 2712 1039 2759; x_wconf 86' lang='lat' dir='ltr'>sunt</span> <span class='ocrx_word' id='word_1_149' title='bbox 1060 2703 1285 2779; x_wconf 87' lang='lat' dir='ltr'>ipsimet</span> <span class='ocrx_word' id='word_1_150' title='bbox 1316 2702 1522 2758; x_wconf 88' lang='lat' dir='ltr'>ethnici</span> <span class='ocrx_word' id='word_1_151' title='bbox 1558 2700 1699 2757; x_wconf 91' lang='lat' dir='ltr'>nihil</span> 
     </span>
     <span class='ocr_line' id='line_1_26' title="bbox 125 2804 1697 2882; baseline -0.001 -19"><span class='ocrx_word' id='word_1_152' title='bbox 125 2805 572 2882; x_wconf 88' lang='lat' dir='ltr'>magnificentius</span> <span class='ocrx_word' id='word_1_153' title='bbox 613 2805 733 2862; x_wconf 89' lang='lat' dir='ltr'>fieri</span> <span class='ocrx_word' id='word_1_154' title='bbox 774 2805 1056 2882; x_wconf 87' lang='lat' dir='ltr'>potuisse,</span> <span class='ocrx_word' id='word_1_155' title='bbox 1097 2804 1238 2862; x_wconf 90' lang='lat' dir='ltr'>nihil</span> <span class='ocrx_word' id='word_1_156' title='bbox 1279 2804 1697 2861; x_wconf 84' lang='lat' dir='ltr'>convenientius</span> 
     </span>
     <span class='ocr_line' id='line_1_27' title="bbox 127 2906 1698 2984; baseline -0.003 -21"><span class='ocrx_word' id='word_1_157' title='bbox 127 2907 318 2984; x_wconf 87' lang='lat' dir='ltr'>pietati</span> <span class='ocrx_word' id='word_1_158' title='bbox 359 2906 669 2963; x_wconf 87' lang='lat' dir='ltr'>liberorum</span> <span class='ocrx_word' id='word_1_159' title='bbox 719 2926 849 2983; x_wconf 82' lang='lat' dir='ltr'>erga.</span> <span class='ocrx_word' id='word_1_160' title='bbox 899 2906 1195 2963; x_wconf 86' lang='lat' dir='ltr'>exstinctos</span> <span class='ocrx_word' id='word_1_161' title='bbox 1242 2914 1528 2983; x_wconf 71' lang='lat' dir='ltr'>parentes,</span> <span class='ocrx_word' id='word_1_162' title='bbox 1585 2924 1698 2981; x_wconf 92' lang='lat' dir='ltr'>qua</span> 
     </span>
     <span class='ocr_line' id='line_1_28' title="bbox 129 3009 1698 3085; baseline -0.001 -22"><span class='ocrx_word' id='word_1_163' title='bbox 129 3028 243 3064; x_wconf 91' lang='lat' dir='ltr'>una</span> <span class='ocrx_word' id='word_1_164' title='bbox 278 3028 393 3085; x_wconf 85' lang='lat' dir='ltr'>prae</span> <span class='ocrx_word' id='word_1_165' title='bbox 419 3009 614 3066; x_wconf 86' lang='lat' dir='ltr'>ceteris</span> <span class='ocrx_word' id='word_1_166' title='bbox 655 3009 730 3065; x_wconf 91' lang='lat' dir='ltr'>ita</span> <span class='ocrx_word' id='word_1_167' title='bbox 766 3009 1077 3085; x_wconf 85' lang='lat' dir='ltr'>gloriantur</span> <span class='ocrx_word' id='word_1_168' title='bbox 1113 3009 1294 3082; x_wconf 84' lang='lat' dir='ltr'>Sinae,</span> <span class='ocrx_word' id='word_1_169' title='bbox 1335 3018 1398 3066; x_wconf 89' lang='lat' dir='ltr'>ut</span> <span class='ocrx_word' id='word_1_170' title='bbox 1438 3009 1535 3085; x_wconf 92' lang='lat' dir='ltr'>qui</span> <span class='ocrx_word' id='word_1_171' title='bbox 1568 3016 1698 3065; x_wconf 90' lang='lat' dir='ltr'>sunt</span> 
     </span>
     <span class='ocr_line' id='line_1_29' title="bbox 129 3110 1698 3189; baseline -0.001 -24"><span class='ocrx_word' id='word_1_172' title='bbox 129 3110 186 3165; x_wconf 91' lang='lat' dir='ltr'>in</span> <span class='ocrx_word' id='word_1_173' title='bbox 222 3129 415 3166; x_wconf 90' lang='lat' dir='ltr'>eornm</span> <span class='ocrx_word' id='word_1_174' title='bbox 439 3111 692 3168; x_wconf 89' lang='lat' dir='ltr'>moribus</span> <span class='ocrx_word' id='word_1_175' title='bbox 726 3112 1026 3189; x_wconf 89' lang='lat' dir='ltr'>peregrini,</span> <span class='ocrx_word' id='word_1_176' title='bbox 1053 3121 1304 3169; x_wconf 89' lang='lat' dir='ltr'>mortuos</span> <span class='ocrx_word' id='word_1_177' title='bbox 1335 3110 1407 3167; x_wconf 89' lang='lat' dir='ltr'>ab</span> <span class='ocrx_word' id='word_1_178' title='bbox 1445 3112 1520 3166; x_wconf 91' lang='lat' dir='ltr'>eis</span> <span class='ocrx_word' id='word_1_179' title='bbox 1558 3110 1698 3164; x_wconf 92' lang='lat' dir='ltr'>Deo-</span> 
     </span>
     <span class='ocr_line' id='line_1_30' title="bbox 96 3196 1696 3292; baseline -0.001 -24"><span class='ocrx_word' id='word_1_180' title='bbox 96 3196 103 3202; x_wconf 39' lang='lat'><em>*</em></span> <span class='ocrx_word' id='word_1_181' title='bbox 131 3231 256 3268; x_wconf 87' lang='lat' dir='ltr'>rum</span> <span class='ocrx_word' id='word_1_182' title='bbox 287 3212 460 3270; x_wconf 89' lang='lat' dir='ltr'>instar</span> <span class='ocrx_word' id='word_1_183' title='bbox 502 3213 606 3271; x_wconf 92' lang='lat' dir='ltr'>coli</span> <span class='ocrx_word' id='word_1_184' title='bbox 635 3215 973 3292; x_wconf 85' lang='lat' dir='ltr'>putaverint.</span> <span class='ocrx_word' id='word_1_185' title='bbox 1021 3213 1197 3271; x_wconf 88' lang='lat' dir='ltr'>Iidem</span> <span class='ocrx_word' id='word_1_186' title='bbox 1236 3213 1382 3270; x_wconf 86' lang='lat' dir='ltr'>Sinae</span> <span class='ocrx_word' id='word_1_187' title='bbox 1411 3213 1696 3269; x_wconf 89' lang='lat' dir='ltr'>ineuntem</span> 
     </span>
    </p>
   </div>
   <div class='ocr_carea' id='block_1_3' title="bbox 1734 675 2031 922">
    <p class='ocr_par' dir='ltr' id='par_1_5' title="bbox 1734 675 2031 922">
     <span class='ocr_line' id='line_1_31' title="bbox 1801 675 2029 729; baseline 0.009 -13"><span class='ocrx_word' id='word_1_188' title='bbox 1801 676 1847 716; x_wconf 92' lang='lat' dir='ltr'>In</span> <span class='ocrx_word' id='word_1_189' title='bbox 1885 675 2029 729; x_wconf 79' lang='lat' dir='ltr'>Anglia</span> 
     </span>
     <span class='ocr_line' id='line_1_32' title="bbox 1734 741 2031 780; baseline 0 0"><span class='ocrx_word' id='word_1_190' title='bbox 1734 753 1834 780; x_wconf 76' lang='lat' dir='ltr'>novo</span> <span class='ocrx_word' id='word_1_191' title='bbox 1898 741 2031 780; x_wconf 87' lang='lat' dir='ltr'>edicto</span> 
     </span>
     <span class='ocr_line' id='line_1_33' title="bbox 1734 804 1993 856; baseline 0.004 -12"><span class='ocrx_word' id='word_1_192' title='bbox 1734 804 1993 856; x_wconf 85' lang='lat' dir='ltr'>proscribitur</span> 
     </span>
     <span class='ocr_line' id='line_1_34' title="bbox 1734 869 1903 922; baseline 0.006 -14"><span class='ocrx_word' id='word_1_193' title='bbox 1734 869 1903 922; x_wconf 82' lang='lat' dir='ltr'>religio,</span> 
     </span>
    </p>
   </div>
   <div class='ocr_carea' id='block_1_4' title="bbox 1733 2206 2032 2390">
    <p class='ocr_par' dir='ltr' id='par_1_6' title="bbox 1733 2206 2032 2390">
     <span class='ocr_line' id='line_1_35' title="bbox 1786 2206 2030 2251; baseline 0.016 -4"><span class='ocrx_word' id='word_1_194' title='bbox 1786 2206 1832 2247; x_wconf 92' lang='lat' dir='ltr'>In</span> <span class='ocrx_word' id='word_1_195' title='bbox 1873 2206 2030 2251; x_wconf 79' lang='lat' dir='ltr'>Sinensi</span> 
     </span>
     <span class='ocr_line' id='line_1_36' title="bbox 1733 2271 2032 2326; baseline 0.01 -15"><span class='ocrx_word' id='word_1_196' title='bbox 1733 2271 1907 2324; x_wconf 87' lang='lat' dir='ltr'>Imperio</span> <span class='ocrx_word' id='word_1_197' title='bbox 1937 2284 2032 2326; x_wconf 85' lang='lat' dir='ltr'>pro-</span> 
     </span>
     <span class='ocr_line' id='line_1_37' title="bbox 1733 2343 1921 2390; baseline 0 -14"><span class='ocrx_word' id='word_1_198' title='bbox 1733 2343 1921 2390; x_wconf 78' lang='lat' dir='ltr'>pagatur.</span> 
     </span>
    </p>
   </div>
  </div>
 </body>
</html>
