2210 3651
494 278 766 317 HISTORIAE
808 278 1126 317 SOCOETATIS
1170 282 1321 321 JESU.
1583 263 1693 322 151

142 384 269 440 dam
306 402 511 461 pompa
548 382 815 440 sacrificio
845 381 1099 458 quolibet
1129 402 1317 440 mense
1347 403 1534 443 omnes
1563 387 1699 444 inte-

138 494 324 541 rerant
342 529 355 556 a
385 505 448 542 ac
472 484 678 542 coelesti
702 484 1114 542 accumbebant
1141 482 1309 560 epulo
1345 505 1355 539 :
1383 484 1699 562 frequentes

139 584 421 642 Christum
456 587 511 642 in
552 585 925 643 Eucharistico
963 584 1246 643 sedentem
1283 584 1419 641 solio
1449 587 1700 645 visebant

133 685 409 758 interdiu3
460 698 627 744 noctu
673 707 801 745 vero
847 697 973 745 ante
1016 686 1203 744 valvas
1246 686 1440 763 templi
1483 699 1698 747 orantes

132 785 387 863 plerique
429 788 827 846 consistebant.
878 789 1097 862 Altera,
1145 809 1246 846 nec
1289 789 1487 844 minori
1524 809 1700 865 appa-

129 895 285 959 ratu.
320 888 487 945 ducta
530 899 613 946 est
654 910 753 966 per
786 890 1100 966 Surungam
1134 890 1335 947 urbem
1373 889 1473 946 ubi
1513 910 1702 949 versa-

129 988 298 1046 batur
361 992 700 1068 Imperator,
769 992 1133 1069 supplicatio7
1203 1013 1329 1049 cum
1397 992 1700 1070 significata

129 1088 390 1149 Patribus
429 1092 534 1149 fuit
557 1093 705 1150 Beati
741 1093 1040 1170 appellatio
1079 1093 1380 1151 Fundatori
1415 1095 1700 1152 Societatis

127 1212 228 1268 per
257 1194 550 1251 Summum
591 1196 917 1253 Pontificem
949 1196 1152 1253 delata.
1189 1196 1458 1253 Praeivere
1487 1194 1699 1272 populo

127 1295 370 1371 amplius
433 1297 801 1373 quadraginta
859 1298 1211 1369 Sacerdotes,
1282 1317 1432 1353 sacra
1504 1315 1696 1353 omnes

126 1399 311 1454 amicti
352 1399 560 1456 trabea.
616 1401 755 1456 Rem
801 1399 1042 1457 divinam
1083 1400 1213 1457 fecit
1257 1399 1564 1476 Episcopus
1601 1417 1695 1456 so-

124 1496 295 1553 lemni
339 1499 671 1555 Pontificum
716 1502 827 1556 ritu
879 1523 889 1557 :
944 1521 1053 1557 nox
1095 1502 1322 1577 ignibus
1374 1501 1525 1558 festis
1576 1501 1696 1557 col-

120 1596 314 1655 lucens
360 1599 647 1675 publicam
697 1599 946 1657 laetitiam
990 1603 1244 1658 accendit
1289 1623 1299 1657 :
1350 1602 1447 1659 sed
1499 1603 1693 1659 eadem
1736 1615 1775 1650 et
1793 1616 2030 1682 coortaper-

119 1700 474 1778 Imperatoris
517 1702 710 1758 odium
752 1704 1141 1760 inflammavit.
1193 1703 1503 1761 Videbatur
1546 1704 1695 1781 leges
1737 1681 1902 1716 secuno.

119 1811 310 1858 contra
354 1802 695 1859 Christianos
737 1804 876 1862 latas
919 1805 1218 1883 abrogasse
1256 1805 1423 1883 longo
1476 1805 1694 1864 silentio

120 1914 175 1961 et
216 1904 479 1961 insidiosa
525 1902 999 1973 dissimulatione3
1044 1922 1239 1960 verum
1282 1906 1566 1962 ubi‚vidit
1614 1907 1694 1964 in-

120 2017 343 2082 gentem
385 2006 609 2063 illorum
651 2007 708 2062 in
751 2006 868 2063 istis
913 2003 1419 2081 supplicationibus
1465 2025 1695 2065 concur-

122 2126 248 2165 sum
281 2129 292 2163 :
331 2117 628 2184 postquam
660 2126 852 2164 eorum
892 2105 1082 2181 augeri
1119 2124 1418 2161 numerum
1454 2105 1512 2160 in
1535 2105 1688 2181 dies,

119 2209 463 2286 primoribus
494 2211 659 2266 etiam
692 2210 820 2266 viris
852 2229 915 2265 ac
957 2207 1209 2285 dynastis
1245 2207 1479 2280 florere,
1517 2207 1695 2265 homi-

122 2330 221 2368 nes
265 2331 295 2369 e
331 2311 600 2368 Societate
641 2310 882 2388 amplius
921 2318 1141 2366 centum
1184 2318 1298 2365 tota
1343 2327 1561 2385 sparsos
1603 2309 1694 2365 Ja-

121 2413 320 2489 ponia⁷
373 2423 427 2470 et
467 2413 863 2490 amplificando
910 2411 1114 2468 Christi
1157 2429 1328 2487 regno
1365 2411 1529 2467 unice
1574 2429 1692 2468 esse

119 2514 360 2571 intentos
410 2515 661 2584 rescivit3
720 2514 791 2570 ad
849 2514 1108 2590 pristinas
1166 2511 1451 2569 revolutus
1515 2512 1692 2588 suspi—

122 2615 305 2672 ciones
350 2626 404 2672 et
451 2625 661 2686 metus,
714 2615 785 2671 de
838 2615 1062 2670 nomine
1114 2613 1425 2671 Christiano
1468 2614 1690 2690 penitus

125 2717 367 2774 dolendo
390 2717 667 2792 cogitavit.
698 2717 834 2788 Quis
858 2724 1147 2772 nutantem
1172 2715 1358 2772 adhuc
1379 2725 1433 2772 et
1455 2725 1690 2772 aestuan-

119 2827 232 2875 tem
267 2818 324 2873 in
367 2817 510 2874 hauc
552 2817 795 2895 denique
834 2816 1175 2874 crudelitatis
1221 2819 1547 2875 sententiam
1590 2819 1690 2874 im-

119 2919 328 2995 pulerit
349 2964 362 2986 .,
397 2938 542 2975 anno
568 2921 820 2994 sequenti
852 2919 1249 2996 explicabitur.

285 3021 348 3076 Iu
381 3021 613 3097 imperio
647 3021 896 3095 Sinensi,
938 3022 1045 3079 sub
1079 3022 1415 3099 Imperatore
1444 3023 1595 3100 pacis
1632 3030 1686 3077 et
1723 3026 2024 3145 Αςῑδῖᾞῖὲεέἲῑιιηω

123 3121 218 3177 otii
262 3123 465 3198 cupido
510 3124 818 3180 Christiana
855 3145 940 3182 res
980 3127 1110 3184 satis
1141 3126 1289 3183 belle
1318 3125 1678 3204 procedebat.

121 3221 361 3280 Moriens
412 3224 475 3280 P.
531 3224 827 3285 Matthaeus
876 3227 1095 3285 Riccius
1152 3245 1523 3286 successorem
1575 3225 1682 3284 sibi
