2210 3651
515 271 545 328 1
556 270 632 330 02
1181 294 1423 332 Em‘rOME

513 411 682 449 onera
715 392 945 471 publica
979 415 1081 473 per
1114 415 1320 453 nomen
1341 396 1621 474 religionis
1641 399 2076 458 excutientibus.

513 492 744 552 Illorum
781 496 959 575 legem
1003 498 1348 556 Numinibus
1384 502 1577 576 patriis
1617 501 1934 576 inimicam,
1980 505 2082 560 im·

514 598 672 675 perio
704 600 1072 676 perniciosam
1097 645 1111 673 ,
1145 610 1234 673 et,
1261 610 1326 657 ut
1354 601 1458 659 alia
1481 603 1697 677 desint,
1731 605 2080 682 peregrinam

513 719 579 756 ac
600 702 826 758 vetitam
850 702 1176 778 praedicant.
1206 703 1399 762 Jacere
1428 705 1646 763 deserta
1669 706 1875 784 templa
1895 752 1909 780 ,
1943 706 2084 764 obli-

512 803 680 858 terari
719 806 993 879 majorum
1035 805 1501 880 consuetudines,
1545 808 1800 866 debitum
1842 808 2081 886 parenti-

510 900 624 959 bus
663 902 930 962 honorem
957 950 971 979 ,
1023 906 1359 966 familiarum
1415 910 1805 985 concordiam,
1865 913 2082 989 ubique

513 1003 883 1065 obsolescere.

675 1109 777 1167 His
825 1110 948 1170 fuse
996 1132 1060 1169 ac
1101 1111 1356 1170 dolenter
1396 1115 1658 1192 expositis
1699 1115 1967 1188 orabant,
2020 1125 2085 1173 ut

512 1209 853 1287 supplicium
877 1213 947 1270 de
969 1215 1162 1290 patriae
1184 1235 1248 1271 ac
1270 1215 1551 1291 religionis
1575 1216 1833 1275 hostibus
1854 1217 2083 1294 publice

512 1323 849 1386 sumeretur,
878 1324 976 1371 aut
1005 1317 1050 1374 si
1079 1325 1194 1372 tam
1225 1316 1456 1374 scelesto
1489 1318 1762 1393 sanguine
1790 1319 2084 1394 inquinare

509 1431 712 1470 manus
754 1414 1003 1492 pigeret,
1049 1416 1480 1495 deportarentur
1531 1418 1728 1477 saltem
1777 1419 1976 1496 procul
2025 1421 2085 1476 in

510 1512 797 1571 desertum
841 1515 1086 1593 aliquem
1129 1519 1462 1596 scopulum,
1503 1521 1604 1577 ubi
1639 1541 1836 1598 poenas
1868 1524 2084 1600 superis

510 1622 566 1671 et
598 1613 926 1674 hominibus
966 1618 1152 1675 inedia
1203 1623 1520 1699 consumpti
1565 1623 1784 1680 darent.
1833 1623 1924 1681 Lis
1964 1634 2082 1682 tota

506 1737 611 1795 per
640 1719 834 1796 viginti
857 1719 975 1778 dies
998 1723 1217 1799 cognita
1240 1732 1294 1780 et
1315 1724 1587 1782 instructa
1607 1735 1713 1783 est.
1740 1725 1802 1783 P.
1830 1726 2079 1797 SoeriUS,

507 1831 829 1880 nostrorum
868 1835 1072 1901 pr'aeses
1123 1825 1440 1899 Nankami,
1487 1828 1676 1885 venire
1718 1829 1790 1885 ad
1833 1830 2082 1887 vadimo-

504 1922 665 1979 nium
687 1927 903 2002 jussus,
930 1926 1137 2003 prodiit
1167 1947 1296 1984 cum
1326 1928 1475 2005 pileo
1507 1949 1571 1987 ac
1613 1940 1763 1989 veste
1791 1932 2082 2009 peculiari,

508 2043 638 2098 quae
686 2044 911 2082 reorum
954 2028 1108 2104 apud
1159 2028 1318 2088 Sinas
1367 2032 1612 2109 propria.
1675 2032 1874 2092 Positis
1923 2034 2085 2092 humi

508 2125 646 2184 hora
671 2136 785 2186 tota
807 2131 1076 2207 genibus,
1104 2134 1444 2210 exspectavit
1473 2133 1611 2190 dum
1633 2133 1902 2211 loquendi
1926 2138 2083 2214 copia

505 2227 686 2286 fieret.
735 2229 978 2291 Auditus
1020 2254 1147 2291 cum
1199 2233 1451 2307 fastidio,
1505 2255 1608 2292 nec
1653 2236 1772 2294 sine
1821 2239 2083 2297 conviciis

507 2331 772 2390 dimissus
825 2343 929 2392 est.
987 2334 1332 2408 Adversarii,
1386 2343 1673 2414 tamquam
1724 2339 1770 2396 si
1821 2340 2083 2398 vicissent

506 2452 766 2509 causam,
812 2436 1222 2494 concursabant
1263 2438 1494 2512 urbem,
1541 2440 1750 2518 probra
1791 2442 2078 2517 Patribus,

504 2535 740 2594 verbera
798 2538 1047 2613 ipsorum
1104 2539 1346 2598 alumnis
1401 2561 1464 2598 ac
1519 2541 1809 2620 discipulis
1859 2545 2081 2622 ingere-

503 2637 669 2713 bant,
696 2639 1138 2699 Christianorum
1162 2644 1328 2699 etiam
1357 2644 1749 2722 irrumpebant
1779 2645 1999 2720 domos,
2025 2656 2081 2704 et

506 2759 689 2801 sacras
724 2743 1016 2821 imagines,
1049 2744 1271 2822 aliaque
1304 2747 1524 2824 pietatis
1555 2757 1917 2805 monumenta
1941 2747 2081 2832 lace:

504 2843 729 2903 rabant.
771 2844 844 2904 At
879 2846 1157 2905 Nankami
1193 2847 1558 2925 gubernator,
1596 2848 1765 2906 homo
1800 2848 2074 2927 prudenS,

507 2955 564 3004 et
611 2967 643 3003 a
690 2948 755 3005 P.
818 2950 1004 3008 Soerio
1064 2952 1321 3028 privatim
1378 2961 1717 3025 conventus,
1777 2960 2078 3028 postquam

508 3049 695 3106 omnia
724 3059 779 3107 et
808 3071 839 3108 e
867 3052 1105 3110 testibus
1135 3053 1363 3110 minime
1392 3054 1697 3131 suspectis,
1730 3061 1786 3109 et
1826 3073 1927 3130 per
1958 3070 2077 3110 sese

508 3152 889 3227 cognovisset,
935 3173 1192 3231 proceres
1234 3154 1390 3212 urbis
1426 3154 1555 3211 fecit
1596 3154 1667 3210 de
1707 3163 1822 3210 toto
1853 3153 2074 3230 negotio

508 3254 788 3315 certiores.
816 3256 1018 3315 Docuit
1046 3256 1120 3314 ab
1143 3257 1304 3315 annis
1334 3254 1632 3315 duodecim
1664 3256 1883 3333 quietos
1912 3273 2074 3331 agere
