2210 3651
451 284 725 322 msromffi
767 278 1087 319 soc1ETAT1s
1132 284 1283 322 Jsssu.
1531 262 1648 321 201

88 392 324 466 Utrique
345 391 403 444 in
425 389 581 464 regni
613 385 848 444 comitiis
879 403 1006 461 quae
1045 382 1151 439 hoc
1188 403 1332 441 anno
1367 385 1653 444 habeban-

86 502 178 549 tur
221 491 340 547 ausi
379 499 510 547 sunt
541 507 854 565 proponere
875 485 1181 562 juramenti
1211 484 1509 543 formulam
1539 507 1651 544 non

1757 403 1779 444 J
1785 404 1983 444 uramenti

1686 467 1860 508 formula
1888 469 1930 508 in

1689 533 1826 574 Galliae
1864 534 1987 573 comi-

86 592 399 650 absimilem
432 591 513 647 illi
556 610 728 667 quam
766 587 931 665 Angli
966 594 1121 643 erant
1155 584 1430 643 fabricati.
1461 587 1654 646 Clerus
1690 597 1754 638 tiis
1787 597 1963 650 explosa.

87 696 266 752 omnis
289 739 303 766 7
341 693 584 750 ducibus
623 692 861 747 maxime
899 688 1295 747 Cardinalibus
1325 688 1572 746 Surdisio
1602 700 1658 748 et

87 798 347 854 Perronio
378 799 626 873 itemque
657 784 794 852 ordo
834 792 1186 865 Nobilitatis‚
1232 789 1532 848 formulam
1567 810 1661 866 pe-

84 899 246 956 riculi
302 909 357 956 et
419 897 632 954 fraudis
693 895 919 972 plenam
955 894 1218 971 ,respuitg
1289 900 1662 968 susceptoque

88 1003 273 1080 palam
321 1003 600 1078 religionis
638 999 977 1077 patrocinio⁷
1031 996 1412 1055 testimonium
1453 991 1661 1070 perho-

85 1104 382 1160 norificum
413 1102 671 1159 Societati
700 1109 906 1158 nostrae
933 1097 1111 1157 dedit.
1139 1097 1352 1173 Regina
1383 1096 1449 1151 P.
1485 1094 1519 1150 J
1523 1114 1662 1150 oan-

83 1225 214 1262 nem
283 1204 642 1277 soffrenum,
707 1203 1040 1280 eloquentiae
1115 1220 1179 1256 ac
1238 1198 1459 1254 virtutis
1515 1196 1662 1253 fama

83 1309 357 1383 insignem
406 1309 882 1377 concionatorem,
931 1313 985 1360 et
1028 1284 1381 1359 conscientiae
1421 1318 1537 1356 suae
1580 1318 1664 1354 ar-

86 1410 300 1467 bitrum
347 1410 621 1485 sumpsit,
667 1406 823 1484 quod
857 1405 951 1462 ille
994 1421 1201 1461 munus
1245 1421 1339 1458 sex
1371 1410 1426 1457 et
1467 1399 1662 1474 viginti

86 1532 360 1568 annorum
393 1511 570 1587 spatio
601 1507 868 1586 praeclare
890 1507 1081 1582 gessit.
1116 1505 1338 1561 Patrem
1360 1521 1489 1558 vero
1521 1501 1663 1557 Mar-

85 1611 462 1688 guestandum
485 1609 843 1681 Elisabethae,
879 1608 1011 1664 filiae
1042 1626 1157 1663 suae
1178 1605 1439 1680 Philippo
1464 1604 1662 1679 Hispa-

83 1717 190 1772 niae
229 1716 473 1792 Principi
509 1715 839 1791 desponsae,
885 1708 1329 1767 confessionibus
1367 1706 1661 1763 audiendis

84 1817 317 1874 adscivit
370 1839 382 1873 ε
429 1817 673 1891 denique
721 1815 787 1871 P.
861 1813 1170 1884 Cotonum,
1222 1809 1543 1867 missionem
1587 1807 1660 1864 ab

85 1919 212 1975 aula
274 1919 432 1975 enixe
484 1919 865 1994 flagitantem,
925 1934 957 1971 a
1014 1914 1182 1991 Regis
1245 1912 1417 1970 latere
1479 1912 1666 1970 disce-

86 2020 218 2077 dere
259 2020 457 2078 vetuit.

251 2121 297 2178 A
321 2121 528 2193 Gallia,
554 2140 667 2198 quo
691 2139 792 2178 nos
817 2139 1120 2198 parumper
1143 2118 1382 2175 abduxit
1403 2117 1467 2173 P.
1495 2116 1661 2173 Fran-

86 2223 215 2280 cisci
256 2221 443 2279 Suaris
501 2221 668 2295 liber,
722 2222 972 2279 redimus
1030 2221 1103 2277 ad
1147 2219 1436 2295 Angliam‚
1491 2227 1547 2275 et
1589 2217 1660 2274 ad

86 2326 266 2381 varios
315 2333 635 2382 nostrorum
685 2322 798 2379 illic
847 2323 1142 2379 hominum
1199 2340 1380 2379 casus,
1436 2320 1661 2376 Primus

89 2427 330 2483 occurrit
375 2426 440 2481 P.
499 2425 742 2482 Thomas
785 2423 1222 2501 Laythwaytus,
1273 2442 1443 2499 quem
1492 2421 1660 2497 vulgo

88 2527 339 2583 Scottum
389 2525 785 2603 appellabant3
843 2529 1002 2603 cujus
1054 2524 1234 2582 fatum
1283 2524 1390 2580 hoc
1441 2523 1663 2580 videtur

90 2627 261 2686 fuisse
290 2639 354 2685 ut
376 2630 581 2686 centies
612 2638 809 2705 captus
827 2673 841 2701 ,
868 2629 1074 2685 centies
1097 2627 1391 2704 effugeret.
1420 2625 1463 2682 E
1485 2625 1663 2703 patria

93 2729 404 2786 contulerat
438 2750 495 2788 se
527 2730 834 2807 Hispalim,
873 2728 1245 2806 philosophiae
1279 2727 1665 2805 perdiscendae

91 2850 156 2887 ac
207 2830 499 2909 theologiae
557 2852 742 2890 causa.
799 2831 938 2889 Inde
993 2832 1053 2887 in
1101 2829 1361 2908 Angliam
1410 2846 1666 2887 reversus

94 2932 288 2989 incidit
315 2935 374 2989 in
396 2934 740 2991 XVarwicum
771 2934 969 2991 Helem
991 2978 1005 3007 ‚
1037 2933 1371 2990 acerrimum
1392 2930 1666 2988 haereseos

95 3031 441 3092 defensorem
463 3080 476 3107 ,
515 3045 570 3092 et
604 3035 977 3093 Irenarcham.
1021 3033 1108 3092 Ab
1147 3053 1211 3091 eo
1236 3036 1428 3111 jussus
1458 3033 1666 3107 Regem

96 3131 311 3209 Angliae
356 3147 524 3214 caput
564 3137 822 3196 Ecclesiae
860 3136 1179 3214 Anglicanae
1222 3135 1493 3213 profiteri.
1551 3131 1667 3188 Ne-

98 3236 265 3311 gavit.
301 3237 501 3297 Jussus
525 3241 720 3300 saltem
750 3242 809 3298 in
830 3241 982 3298 idem
1004 3237 1279 3316 templum
1303 3255 1430 3294 cum
1453 3231 1664 3310 populo

1768 2121 1814 2162 In
1853 2120 1997 2174 Anglia

1700 2187 1747 2228 P.
1760 2187 1837 2228 Th.
1851 2186 1996 2240 Layth-

1698 2251 1822 2307 wayti
1889 2249 1995 2306 peri-

1698 2317 1801 2358 cula.
