2210 3651
530 288 651 349 208
1210 314 1453 351 ΕΡιΤοΜΕ

531 417 729 493 conjici
767 425 950 494 potest
980 438 1011 475 e
1054 418 1338 494 regiorum
1372 416 1829 477 administrorum
1861 431 1916 479 et
1942 421 2119 480 tabel-

530 519 748 578 lionum
801 520 1080 598 querelis,
1148 519 1577 577 lamentantium
1628 520 1830 599 frigere
1871 523 2114 599 judicia,

531 623 743 680 curiam
774 623 995 681 inanem
1026 640 1146 680 esse
1176 620 1394 694 litium,
1435 621 1575 677 nihil
1605 643 1635 680 e
1664 623 1784 681 foro
1814 624 2112 682 lucrifieri:

529 725 662 801 quia
703 725 971 782 nimirum
1014 743 1211 801 paucae
1254 731 1353 779 aut
1403 722 1576 779 nullae
1626 725 1771 782 inter
1817 727 2117 784 catholicos

526 827 711 897 rixae3‘
738 836 870 899 aut,
920 827 966 884 si
1011 846 1124 904 qua
1168 825 1479 898 oriebatur,
1527 826 1835 886 amicorum
1884 831 2116 887 arbitrio

527 928 714 986 statim
751 938 869 986 erat
913 929 1243 1007 composita.
1293 929 1444 1001 Quin
1481 930 1685 1004 etiam⁷
1733 933 1778 990 si
1822 954 1934 1010 qua
1974 934 2118 991 forte

527 1032 626 1088 uni
661 1031 907 1109 cuipiam
948 1031 1175 1089 illorum
1211 1031 1455 1108 irrogata
1492 1032 1675 1089 fuerat
1718 1055 1750 1090 a
1789 1037 2118 1112 magistratu

528 1131 770 1206 mulcta,
816 1142 1047 1210 propter
1084 1132 1336 1189 officium
1380 1133 1614 1211 aliquod
1664 1137 1923 1213 pietatis,
1971 1137 2118 1194 hanc

526 1235 671 1293 inter
694 1255 813 1293 sese
835 1234 926 1291 alii
949 1233 1342 1311 partiebantur
1372 1255 1439 1292 ex
1473 1257 1638 1312 aequo
1656 1283 1670 1311 7
1702 1248 1765 1295 ut
1789 1240 1860 1295 ad
1884 1258 2079 1296 omnes
2099 1283 2113 1311 7

526 1349 582 1396 et
604 1358 786 1416 poenae
809 1338 1075 1394 meritum
1107 1345 1162 1393 et
1189 1335 1472 1394 charitatis
1495 1337 1671 1414 gloria
1701 1340 2034 1415 pertineret„
2052 1340 2118 1396 In

524 1439 702 1498 hortis
738 1439 1066 1518 patentibus
1110 1438 1415 1497 dicendum
1453 1460 1603 1519 saepe
1640 1441 1782 1516 fuit,
1825 1453 1890 1500 ut
1930 1443 2119 1501 multi-

523 1544 710 1600 tudini
758 1543 1074 1602 satisfieret.
1121 1542 1165 1600 E
1215 1542 1514 1600 residentia
1563 1543 1836 1602 Mediensi
1887 1565 2035 1603 unus
2085 1566 2117 1603 e

523 1648 729 1705 nostris
765 1647 1038 1723 processit
1080 1646 1519 1723 septentrionem
1549 1667 1743 1705 versus
1768 1657 1824 1704 et
1853 1649 2116 1708 remotis-

523 1751 692 1808 simas
724 1748 937 1805 insulas
959 1792 973 1820 7
1002 1748 1201 1823 ibique
1223 1767 1342 1804 rem
1375 1747 1624 1804 divinam
1656 1748 1788 1805 fecit
1809 1794 1823 1822 7
1857 1771 1970 1827 qua
2006 1770 2115 1828 po-

520 1852 694 1931 pulus
729 1849 1036 1908 catholicus
1076 1848 1149 1905 ab
1182 1850 1341 1906 annis
1378 1850 1790 1927 quinquaginta
1822 1861 2113 1909 caruerat:

520 1956 662 2014 alter
718 1946 973 2012 Conaciae
1034 1972 1191 2009 oram
1249 1952 1519 2025 Boream,
1576 1952 1814 2031 locaque
1870 1948 2113 2011 Ultoniae

520 2057 866 2135 adjacentia,
913 2056 1250 2133 peragravit.
1303 2055 1714 2134 Concioni'per
1750 2059 2113 2135 quadragesi-

519 2181 670 2218 mam
724 2161 1029 2217 intererant
1069 2178 1184 2215 non
1225 2159 1517 2236 pauciores
1555 2159 1710 2216 mille
1745 2162 2106 2238 octingenti83

521 2261 938 2321 confessionum
968 2262 1043 2318 ab
1080 2260 1280 2318 ultima
1311 2262 1551 2338 pueritia
1581 2264 1951 2342 repetitarum
1981 2263 2109 2319 iniri

517 2386 792 2425 numerus
829 2386 944 2422 non
987 2365 1194 2443 potuit.
1239 2364 1525 2423 Hactenus
1564 2385 1729 2422 nemo
1773 2386 1804 2423 e
1841 2366 2115 2424 Societate

520 2471 847 2547 Corcagiam
894 2468 1088 2527 subire
1139 2487 1310 2525 ausus
1353 2477 1501 2539 erat,
1550 2468 1874 2543 primariam
1917 2469 2113 2525 Comi—

518 2581 669 2630 tatus
703 2571 1050 2647 cognominis
1088 2570 1400 2642 civitatem‚
1442 2567 1544 2625 ubi
1574 2569 1840 2626 nimirum
1874 2570 2111 2646 provin-

519 2676 618 2733 ciae
660 2692 869 2752 praeses
921 2672 1197 2750 degebat,
1242 2680 1298 2729 et
1342 2671 1444 2729 ubi
1483 2671 1696 2729 latendi
1737 2681 1836 2728 aut
1871 2672 2112 2732 docendi

516 2788 765 2858 potestas
807 2776 1160 2834 difficillima.
1210 2775 1468 2833 Tentavit
1498 2773 1678 2832 aleam
1712 2774 1982 2834 Sacerdos
2011 2777 2112 2833 im-

517 2881 758 2959 pavidus
780 2926 795 2955 ,
825 2889 1148 2958 contempto
1178 2877 1450 2957 periculo,
1483 2877 1570 2935 Ad
1599 2877 1846 2934 illumin
1875 2878 2110 2936 editiora

520 2982 819 3040 domorum
846 2982 1133 3041 coenacula
1156 3002 1256 3060 per
1279 2980 1580 3038 obscuram
1606 2989 1825 3059 noctem
1849 2979 2108 3038 catholici

520 3084 703 3143 omnis
753 3086 931 3143 aetatis
981 3085 1311 3161 ordinisque
1356 3084 1772 3141 confluxerunt.
1824 3079 1913 3139 Ab
1962 3082 2106 3139 urbe

519 3187 801 3265 procurrit
835 3186 895 3242 in
935 3187 1143 3243 vicinos
1185 3204 1388 3264 pagos⁷
1435 3185 1536 3243 ubi
1569 3183 1830 3257 mortales
1871 3186 2104 3243 miseros

521 3298 638 3349 tam
681 3309 827 3349 caeca
862 3289 1094 3350 inscitiae
1124 3308 1236 3349 nox
1278 3287 1664 3368 opprimebat⁷
1705 3296 1909 3346 utnon
1936 3286 2101 3365 pauci
