2210 3651
186 283 309 341 294
758 303 929 342 mDEx
970 302 1408 342 ALPHABETICUS.

1041 439 1103 519 Q

177 562 480 620 QUAMCHEI
497 570 545 612 in
560 565 744 613 Sinensi
758 569 958 625 imperio
974 570 1184 626 primum
1195 565 1439 612 Societatis
1461 566 1775 614 domicilium.
1793 565 1874 612 111.
1899 564 1980 612 28.

176 646 706 704 QUINQUECCLESIAE
731 654 780 695 in
799 651 1033 710 Hungaria
1056 650 1269 694 inferiori
1295 653 1471 696 missio.
1498 651 1572 699 IV.
1597 650 1706 698 209.

179 727 377 784 QUITO.
403 730 541 777 Sedes
564 731 807 778 Societatis
832 736 999 791 posita.
1024 731 1107 777 III.
1132 733 1209 779 92.

243 811 355 858 Vice
376 817 620 873 provincia
641 817 916 860 constituta.
942 813 1018 860 IV.
1041 813 1120 859 45.

1059 954 1124 1010 R

177 1074 357 1124 RATIO
379 1076 645 1125 studiorum
666 1082 716 1124 in
739 1079 969 1126 Societate
988 1079 1221 1125 ordinata.
1243 1078 1328 1123 III.
1349 1077 1427 1124 68.

177 1157 524 1206 RATISBONAE
560 1163 734 1206 scholae
765 1177 790 1206 a
822 1162 1074 1206 Guillelmo
1107 1162 1309 1206 Bavariae
1334 1161 1458 1205 Duce
1481 1163 1717 1219 expetitae.
1741 1158 1821 1205 ΙΙΙ.
1846 1158 1925 1206 98.

178 1239 347 1287 RAVAE
369 1245 419 1285 in
438 1243 616 1300 majore
639 1242 836 1287 Polonia
854 1243 1152 1287 domicilium
1174 1246 1401 1301 positum.
1426 1241 1502 1286 IV.
1531 1241 1635 1287 170.

175 1321 589 1369 RECINETENSE
618 1325 878 1383 Collegium
897 1328 1222 1371 constituitur.
1249 1326 1304 1370 11.
1330 1327 1439 1372 295.

175 1403 480 1451 REGICIDIO
507 1403 599 1465 (de)
626 1406 683 1449 lis
706 1404 923 1451 Societati
948 1408 997 1450 in
1023 1406 1169 1452 Gallia
1191 1411 1439 1453 intentata.
1463 1408 1538 1453 lv.
1566 1407 1672 1453 150.

238 1485 403 1531 Sedata
424 1502 448 1531 a
472 1487 594 1546 Rege
620 1487 859 1532 Ludovico
883 1487 992 1532 XIII
1015 1495 1060 1534 et
1083 1489 1287 1536 Pal-isius
1309 1490 1547 1536 Antistite.
1574 1490 1659 1536 151
1686 1495 1732 1534 et
1754 1502 1855 1547 seq.

177 1559 455 1613 R'EMENSE
482 1571 532 1612 in
558 1567 810 1627 Campania
835 1569 1116 1630 Collegium.
1140 1572 1215 1618 IV.
1243 1573 1320 1619 92.

179 1650 494 1697 RHEGINUM
520 1651 802 1711 Collegium.
824 1651 885 1696 ΙΙ.
913 1654 1018 1698 127.

168 1734 455 1781 RHENANA
478 1735 723 1780 Provincia
745 1751 768 1780 a
793 1736 1042 1782 Germania
1065 1739 1300 1794 superiori
1326 1735 1570 1779 dividitur.
1590 1732 1649 1774 II.
1674 1733 1782 1775 112.

175 1814 622 1862 RHODUMNENSE
648 1821 696 1861 in
721 1831 831 1874 agro
858 1814 1162 1869 Lugdunensi
1190 1810 1473 1871 Collegium.
1498 1810 1575 1856 IV.
1603 1811 1709 1856 148.

175 1895 414 1943 RICCIUS
447 1898 514 1954 (P.
548 1890 810 1952 Mattnaeus)
834 1890 1005 1937 Sinicae
1030 1895 1242 1937 missioni
1266 1893 1525 1940 destinatus
1548 1894 1757 1940 Macaum
1780 1895 1927 1942 subiit
1947 1901 1993 1941 et

300 1978 664 2033 Sciauquinum.
693 1973 776 2018 III.
805 1973 881 2018 56.

237 2055 309 2101 Ibi
331 2059 472 2101 variis
494 2058 606 2100 artis
629 2056 856 2114 operibus
878 2054 1098 2101 Sinenses
1121 2058 1285 2104 allicit.
1316 2059 1423 2105 157.

239 2138 531 2197 Sciauquino
555 2139 720 2197 pulsus
741 2140 1005 2195 ingressum
1024 2140 1074 2181 in
1094 2138 1326 2185 Xauceam
1345 2142 1546 2187 obtinet.
1575 2143 1682 2189 159.

240 2221 312 2268 Ibi
337 2226 454 2268 mira
475 2222 706 2267 industria
731 2220 1044 2266 Christianam
1069 2225 1297 2281 proponit
1320 2222 1603 2269 doctrinam.
1635 2224 1740 2270 162.

242 2306 358 2364 Ejus
378 2309 429 2349 in
447 2307 791 2350 mathematicis
814 2305 955 2349 rebus
977 2305 1079 2348 laus
1100 2309 1146 2349 et
1166 2306 1467 2349 existimatio.
1496 2304 1585 2351 165
1609 2312 1656 2351 et
1683 2306 1789 2353 164.

240 2387 470 2434 Nankami
494 2387 792 2431 domicilium
816 2388 971 2445 erigit.
997 2385 1104 2431 198.

240 2469 508 2516 Artificium
534 2469 821 2513 adhibitum.
847 2468 956 2512 215.

241 2554 446 2599 Nankini
472 2553 668 2599 domum
693 2553 891 2596 obtinet.
916 2551 1007 2596 266
1031 2556 1077 2594 et
1098 2548 1209 2595 267.

244 2639 476 2685 Pekinum
501 2639 833 2697 proficiscitur.
859 2639 948 2683 279
973 2644 1019 2681 et
1042 2651 1140 2694 seq.

248 2721 495 2767 Accusatio
519 2724 568 2766 in
593 2735 704 2765 eum
726 2723 952 2773 excitata,
980 2730 1256 2777 magnaeque
1279 2719 1522 2776 angustiae.
1546 2715 1632 2762 281
1659 2722 1704 2761 et
1727 2728 1829 2775 seq.

246 2804 700 2864 Imperatorisjussu
726 2804 971 2847 liberatur.
999 2801 1108 2846 285.

244 2888 475 2932 Pekinum
497 2886 779 2944 ingreditur.
804 2886 911 2930 298.

242 2970 377 3015 Inter
400 2970 564 3014 doctos
586 2975 632 3013 et
655 2970 837 3013 nobiles
864 2968 1000 3012 fidem
1021 2966 1312 3012 disseminat.
1338 2962 1428 3008 510
1452 2969 1498 3009 et
1521 2964 1627 3009 511.

248 3052 543 3111 Religionem
565 3057 827 3110 promovet.
852 3050 929 3095 IV.
951 3050 1026 3094 11.

245 3133 677 3195 Geographicarum
711 3134 979 3178 tabularum
1004 3146 1093 3191 ope
1116 3132 1372 3191 Religionis
1394 3135 1611 3178 veritates
1635 3145 1785 3190 usque
1815 3130 1872 3176 ad
1895 3129 1993 3176 Im-

310 3223 575 3275 peratorem
601 3223 848 3274 penetrare
873 3214 998 3260 iacit.
1026 3214 1114 3260 158
1140 3219 1186 3259 et
1207 3227 1306 3272 seq.

253 3299 376 3346 Mors
397 3301 517 3359 ej'us.
540 3298 645 3345 140.
