2210 3651
491 226 612 286 200
1162 244 1404 283 EPITOME

493 349 907 422 Conciliorum.,
956 357 1011 406 et
1053 347 1284 405 Patrum
1326 348 1507 407 effatis
1544 347 1752 404 nixam.
1799 344 2065 403 Eamdem

490 455 817 532 Principum
846 452 1158 511 rationibus
1197 450 1357 507 nullo
1385 460 1550 529 pacto
1583 451 1896 523 adversari,
1937 469 2067 507 cum

488 578 590 635 per
614 557 863 614 debitam
888 556 1120 613 Summo
1141 553 1398 610 Pontifici
1420 554 1800 611 obedientiam
1817 596 1832 625 7
1859 571 2069 628 nequa-

487 680 660 736 quam
718 659 1005 716 minuatur
1053 655 1281 713 illorum
1329 658 1657 730 auctoritas7
1713 656 1811 714 sed
1865 673 2068 712 corona

489 760 755 838 salusque
811 759 1121 830 muniatur3
1183 767 1238 816 et
1288 757 1571 835 quidquid
1622 757 1695 814 ad
1743 758 2071 835 religionem

489 862 756 919 tuendam
793 862 1063 938 pertinet,
1106 862 1392 918 communi
1427 861 1754 938 Principum
1786 882 1850 918 ac
1886 880 2069 938 popu-

487 964 673 1022 lorum
712 962 865 1019 bono
903 963 1126 1021 serviat.
1173 963 1496 1021 Delectatus
1540 963 1649 1020 hoc
1690 963 1940 1020 virorum
1980 980 2073 1018 sa-

487 1067 962 1144 pientissimorum
982 1066 1196 1142 judicio
1219 1048 1540 1143 Philippus,
1561 1065 1790 1144 dignam
1815 1063 2073 1122 catholici

486 1168 655 1245 Regis
698 1169 903 1246 pietate
939 1168 1013 1224 ad
1049 1168 1332 1224 Jacobum
1367 1169 1662 1246 epistolam
1698 1168 1869 1226 misit.
1909 1168 1973 1224 In
2010 1186 2075 1223 ea

486 1271 675 1328 Suaris
719 1271 1031 1326 doctrinam
1078 1291 1109 1326 a
1152 1271 1484 1327 criminibus
1535 1271 1767 1345 objectis
1823 1255 2068 1347 purgat3

487 1374 695 1431 deinde
743 1392 874 1430 vero
917 1374 1107 1449 ipsum
1156 1373 1367 1449 Regem
1420 1372 1678 1428 hortatur
1720 1372 1961 1447 graviter
2008 1379 2074 1427 ut

488 1496 611 1534 eam
652 1484 839 1532 teneat
871 1473 1100 1547 Fidem,
1143 1494 1316 1551 quam
1361 1493 1492 1531 suos
1532 1476 1768 1549 majores
1805 1493 1836 1529 a
1872 1482 1955 1529 tot
1994 1492 2074 1531 se-

487 1580 628 1639 culis
669 1580 917 1637 tenuisse
952 1579 1251 1656 perspicit7
1293 1598 1464 1655 quam
1502 1578 1622 1655 ipse
1659 1597 1690 1633 a
1727 1578 2076 1635 sanctissima

485 1685 733 1762 parentis
770 1683 1000 1760 optimae
1040 1678 1336 1760 disciplina
1372 1680 1560 1738 hausit
1598 1702 1610 1735 :
1646 1661 1975 1737 Cavendum
2006 1699 2078 1737 ne

482 1806 630 1845 caeco
660 1785 936 1841 libertatis
966 1784 1155 1841 studio
1186 1784 1457 1860 abreptus
1489 1804 1547 1841 se
1578 1803 1824 1859 suosque
1857 1784 1916 1840 in
1940 1804 2077 1860 gra-

482 1889 737 1948 vissimas
790 1886 1133 1952 calamitates
1184 1895 1239 1942 et
1287 1885 1538 1962 pericula
1597 1886 1909 1962 conjiciat:
1958 1905 2074 1944 non

483 1991 705 2049 occludi
747 1990 824 2046 sic
866 1989 1084 2045 aditum
1129 1987 1502 2061 factionibus,
1538 1987 1637 2045 sed
1669 1988 1905 2065 aperiri⁷
1942 2007 2073 2044 cum

481 2112 648 2150 nemo
681 2091 764 2149 fas
796 2092 905 2149 sibi
941 2111 1055 2148 non
1089 2100 1252 2168 putet
1280 2110 1400 2159 esse
1430 2091 1790 2169 Principibus
1814 2089 2070 2167 frangere

481 2194 656 2251 fidem
689 2195 786 2271 qui
819 2193 1086 2272 fregerint
1116 2214 1241 2251 eam
1275 2195 1414 2252 DeO.
1450 2194 1632 2251 Nimis
1669 2214 1866 2251 verum
1899 2214 2075 2270 augu-

480 2317 601 2354 rem
657 2296 986 2374 Philippum
1048 2297 1295 2354 extitisse
1353 2296 1752 2374 consequentia
1818 2305 2073 2373 tempora

484 2390 844 2458 docuerunt(

649 2501 819 2575 Quod
869 2521 1071 2580 parum
1121 2500 1357 2558 feliciter
1419 2503 1478 2558 in
1529 2501 1797 2578 Hispania
1844 2499 2072 2559 molitus

484 2615 602 2662 erat
633 2604 850 2681 Angliae
890 2606 1042 2678 ΗΘΚ,
1091 2603 1198 2662 hoc
1239 2606 1416 2683 magis
1458 2625 1489 2662 e
1528 2593 2075 2663 senteutiatentavit

482 2709 543 2763 in
572 2706 783 2778 Gallia3
819 2707 921 2763 ubi
953 2706 1187 2785 perfecit
1217 2717 1281 2765 ut
1311 2709 1499 2767 Suaris
1528 2708 1854 2766 lucubratio
1883 2708 2072 2788 palam

483 2811 542 2864 in
578 2808 772 2865 infami
804 2828 940 2885 rogo
973 2819 1338 2884 cremaretur,
1372 2813 1570 2888 quinto
1607 2812 1728 2869 Cal.
1769 2811 2069 2883 Quintiles.

486 2913 669 2970 Satius
707 2912 958 2990 profecto
990 2913 1194 2987 Gallis.
1242 2923 1297 2971 et
1335 2914 1630 2991 gloriosius
1667 2914 1863 2972 fuisset
1888 2911 2074 2970 catho-

484 3014 576 3071 lici
598 3058 612 3085 n
648 3034 818 3090 quam
851 3026 1119 3093 apostatae
1149 3017 1317 3093 Regis
1349 3017 1672 3095 exemplum
1701 3015 1936 3072 imitari:
1972 3013 2073 3072 sed

486 3115 694 3173 multos
724 3115 911 3173 adhuc
947 3119 1197 3175 habebat
1240 3119 1465 3176 haeresis
1502 3120 1561 3175 in
1602 3136 1773 3194 regno
1810 3117 2074 3175 Christia-

487 3218 715 3277 nissimo
750 3228 1011 3297 patronos
1033 3265 1047 3294 7
1081 3220 1400 3299 complures
1428 3221 1776 3281 adversarios
1800 3220 2062 3278 Societas.
