2210 3651
120 2249 127 2254 -
205 2222 403 2277 generalis
415 2223 503 2264 VII.

530 282 654 340 2414
1167 304 1406 342 EPITOME

533 404 696 461 unice
746 413 1031 482 spectans⁷
1084 405 1381 482 prudentia
1422 406 1748 485 Evangelica
1783 410 1842 466 in
1883 409 2095 487 guber-

532 505 718 561 nanda
756 506 1057 580 Societate7
1097 507 1404 564 constantia
1433 510 1490 564 in
1520 513 1637 586 ejus
1671 511 1892 588 legibus
1926 522 2096 570 tuen-

534 605 651 678 dis,
725 617 778 663 et
850 607 1214 664 amandandis
1272 609 1545 667 moribus.
1601 613 1751 671 AEtas
1822 633 2096 670 annorum

532 728 724 782 LXXII,
786 720 840 767 et
889 711 1238 787 negotiorum
1296 710 1470 769 moles
1527 733 1693 788 quarn
1762 716 2100 773 sustinuerat

534 814 692 870 annis
726 832 912 870 XXXIV
961 812 1171 888 quibus
1221 812 1477 870 Societati
1522 814 1776 891 praefuit„
1828 816 2099 874 valetudi-

532 934 663 971 nem
715 917 833 990 ejus
878 913 1038 971 solito
1088 915 1309 991 gravius
1353 915 1718 973 debilitarunt
1767 927 1958 975 octavo
1998 919 2102 977 Ca-

532 1016 725 1073 lendas
764 1017 1125 1090 Februarias,
1172 1038 1236 1074 ac
1280 1017 1508 1074 demum
1551 1029 1787 1077 exeunte
1834 1020 2100 1077 ,Ianuario

531 1121 756 1196 penitus
811 1121 1203 1197 profligarunt.
1271 1120 1524 1178 Pontifex
1592 1131 1952 1199 aegrotantem
2011 1123 2104 1198 pia

533 1242 697 1299 prece
719 1232 1049 1299 prosecutus
1079 1231 1192 1293 est,
1228 1222 1395 1279 misso
1427 1222 1498 1278 ad
1528 1243 1657 1279 eum
1689 1223 1933 1281 cubiculi
1964 1223 2104 1280 Pon-

530 1323 683 1379 tificii
715 1323 999 1400 praefecto,
1035 1324 1333 1401 Purpurati
1367 1323 1557 1381 Patres
1591 1323 1849 1401 plurimi7
1876 1334 1930 1383 et
1961 1345 2101 1403 prae-

534 1423 683 1483 sules
713 1427 974 1502 exequias
1006 1425 1459 1484 cohonestarunt.

697 1529 996 1586 Decretum
1041 1548 1071 1584 a
1124 1537 1275 1585 sexta
1328 1528 1768 1605 Congregatione
1816 1527 1997 1586 fuerat
2035 1539 2104 1586 ut

533 1631 824 1709 Praepositi
855 1617 1152 1688 Gen'erales
1176 1640 1303 1687 ante
1325 1631 1542 1687 obitum
1569 1631 1876 1689 scriberent
1906 1631 2105 1688 Vicarii

534 1754 773 1806 nomen⁷
813 1735 910 1809 qui
955 1743 1082 1808 post
1123 1734 1374 1808 ipsorum
1416 1740 1651 1787 mortem
1697 1752 1886 1788 curam
1929 1733 2107 1791 Socie-

536 1836 665 1892 tatis
687 1843 921 1911 gereret.
951 1833 1055 1890 Cui
1085 1833 1308 1890 decreto
1333 1852 1544 1889 morem
1569 1852 1764 1908 gerens
1787 1832 2100 1910 Aquaviva,

536 1935 797 1994 schedam
824 1953 968 1991 anno
1003 1935 1274 2011 superiori
1305 1943 1649 2007 exaraverat,
1683 1935 1739 1990 in
1762 1955 1873 2012 qua
1894 1936 1956 1992 P.
1984 1936 2110 1993 Fer-

537 2036 845 2095 dinandum
888 2034 1189 2108 Alberum,
1230 2035 1590 2094 Assistentem
1629 2036 1973 2110 Germaniae,
2019 2037 2108 2094 Vi-

231 2156 504 2211 congregatio
540 2142 749 2198 carium
793 2139 1121 2198 Generalem
1162 2140 1489 2197 nominabat
1536 2162 1547 2196 :
1590 2142 1686 2218 qui
1732 2161 1832 2218 pro
1876 2160 2108 2199 munere

541 2243 648 2301 sibi
694 2243 953 2320 imposito
998 2242 1496 2319 Congregationem
1542 2235 1867 2300 Generalem
1910 2242 2111 2298 indixit

540 2347 613 2404 ad
656 2364 1028 2405 successorem
1071 2343 1306 2402 Claudio
1345 2343 1646 2420 Aquavivae
1678 2324 2103 2401 nominandum.

476 2502 479 2503 a
542 2449 677 2506 Haec
737 2448 928 2504 habita
985 2446 1160 2503 Nonis
1220 2446 1670 2518 Novembribus7
1740 2426 2109 2522 Praepositum

251 2565 296 2605 P.
318 2566 468 2606 Mutius
543 2549 867 2606 Generalem
911 2549 1114 2604 creavit
1151 2547 1214 2603 P.
1261 2547 1502 2604 Mutium
1534 2547 1964 2619 Vitelleschum7
2003 2549 2111 2605 Ro-

209 2628 490 2672 vi¹⁶¹¹e⁵⁰h⁰⁵‘
543 2670 809 2722 manum,
857 2649 1218 2707 Assistentem
1264 2648 1466 2722 Italiae,
1516 2667 1688 2706 annos
1729 2657 1923 2705 natum
1965 2647 2108 2706 duos

543 2763 598 2811 et
626 2753 1051 2831 quinquaginta.

706 2858 892 2916 Eleeto
923 2856 1206 2913 Societatis
1236 2854 1539 2931 Praeposito
1561 2853 1833 2931 producta
1863 2860 1945 2908 est
1968 2849 2108 2907 Con-

541 2962 786 3036 gregatio
832 2959 1114 3017 Generalis
1157 2978 1336 3035 usque
1375 2958 1446 3014 ad
1497 2957 1795 3034 septimum
1845 2953 1962 3011 Cal.
2010 2954 2107 3010 Fe-

542 3060 795 3118 bruarias
820 3062 948 3116 anni
971 3080 1209 3118 Mncxw.
1239 3060 1302 3115 ln
1328 3079 1390 3115 ea
1422 3068 1691 3116 statutum
1717 3054 1822 3111 fuit
1845 3054 2104 3111 alimenta

542 3183 655 3220 non
685 3163 877 3221 deberi
899 3183 927 3218 a
959 3163 1224 3219 Societate
1256 3162 1325 3244 iis
1343 3180 1484 3237 quos
1509 3158 1738 3215 dimittit
1768 3179 1778 3214 :
1808 3157 1932 3234 quis
1957 3156 2104 3213 enim

533 3267 741 3343 judex,
773 3265 1105 3344 inquiebant
1134 3264 1345 3337 Patres,
1377 3263 1449 3320 ad
1480 3281 1573 3321 eos
1603 3260 1831 3319 alendos
1860 3265 2100 3326 tenetur⁷
