2210 3651
67 572 72 575 Χ
154 566 218 595 res
286 551 454 605 paulum

484 291 563 351 80
1144 302 1386 342 EPITOME

153 421 455 530 ehlrrilsiliagiltiss
485 414 608 470 bat.
655 411 851 488 Itaque
889 409 956 467 P.
1003 405 1352 465 Ludovicum
1403 401 1762 477 Cerqueiram
1803 397 2057 477 Japoniae

489 516 828 596 Episcopum
897 507 1305 590 perhonorifice
1374 502 1586 580 accepit
1608 545 1623 574 ,
1689 520 1755 557 ac
1815 497 2060 557 subinde

155 616 371 672 respirant.
491 622 555 679 P.
591 616 896 678 Provinciae
925 610 1316 691 praepositum,
1342 608 1502 683 cujus
1524 600 1861 660 munuscula
1883 608 2063 657 osten-

493 725 577 783 dit
606 722 800 781 aulicae
823 715 1125 787 nobilitati,
1151 732 1215 769 ac
1235 708 1413 767 multa
1438 707 1508 764 de
1532 706 1800 763 Societate
1821 704 2066 779 benigne

495 837 967 891 commemorans,
1021 821 1346 894 pergratum
1391 809 1499 868 sibi
1539 807 1659 865 fore
1700 803 2070 883 significavit,

496 929 542 988 si
574 927 764 985 Patres
805 923 1112 999 Xogunum
1134 961 1149 990 ,
1190 914 1373 972 filium
1412 929 1577 969 suum
1615 908 1937 966 inviserent.
1964 904 2071 961 De-

496 1030 665 1110 gebat
701 1027 979 1104 Xogunus
1021 1021 1082 1078 in
1117 1018 1317 1076 ultimo
1347 1012 1462 1071 fere
1483 1010 1738 1088 Japoniae
1760 1007 1832 1066 ad
1855 1014 2074 1084 septen-

494 1133 733 1190 trionem
770 1127 982 1199 limite.,
1027 1130 1083 1180 et
1118 1120 1264 1178 urbe
1305 1115 1532 1188 TendO,
1570 1133 1740 1191 quam
1779 1110 2075 1188 magnifice

498 1233 809 1292 ornandam
831 1226 1157 1286 Daifusama
1182 1227 1492 1280 curaverat.
1526 1217 1789 1294 Magnam
1811 1214 2074 1271 Patribus

498 1336 710 1393 habere
751 1353 833 1419 se&
849 1330 1085 1408 gratiam
1128 1325 1407 1400 Xogunus
1438 1317 1579 1375 dixit
1598 1361 1612 1390 7
1647 1315 1802 1394 quod
1830 1316 1935 1372 iter
1961 1323 2079 1371 tam

500 1439 736 1516 longum
757 1480 772 1509 .,
797 1434 885 1492 sui
912 1429 1130 1491 visendi
1162 1446 1329 1485 causa
1363 1423 1774 1502 suscepissent,
1812 1420 2080 1478 daturum

504 1559 732 1620 operam
761 1557 833 1594 ne
861 1533 1003 1615 quid
1027 1540 1127 1589 aut
1155 1527 1326 1587 officii
1356 1525 1509 1604 apud
1532 1525 1957 1602 Imperatorem,
1983 1527 2083 1576 aut

506 1666 539 1703 a
570 1664 627 1703 se
656 1638 914 1700 beneficii
947 1633 1351 1693 desiderarent.
1384 1628 1683 1705 Perspecta
1716 1622 1991 1699 Principis
2024 1620 2085 1676 in

505 1747 697 1805 Patres
727 1739 1047 1800 humanitas
1077 1734 1420 1795 Christianos
1450 1751 1480 1787 a
1510 1726 1835 1786 Daifusama
1865 1741 2087 1801 semper

506 1849 670 1909 anxie
709 1833 1052 1914 metuentes,
1097 1835 1367 1896 recreavit
1402 1855 1415 1890 ε
1454 1829 1683 1889 eosdem
1721 1833 2091 1887 sacramento-

507 1972 637 2011 rum
666 1946 944 2027 praesidiis
973 1941 1255 2013 munitos,
1289 1937 1365 1995 ad
1397 1934 1553 1995 Fidei
1587 1931 1956 1991 constantiam
1989 1927 2092 1984 Pa-

509 2063 623 2112 tres
683 2048 921 2121 hortati7
987 2042 1387 2103 remotissimas
1448 2039 1523 2096 ad
1579 2035 1812 2095 Boream
1862 2039 2054 2116 partes
2074 2073 2090 2103 ,

512 2154 771 2214 Societati
807 2150 994 2209 adhuc
1021 2148 1354 2219 inaccessas,
1385 2143 1789 2202 lustraverunt.
1822 2137 1974 2193 Dum
2004 2132 2097 2192 isti

513 2257 707 2318 Fidem
750 2256 811 2312 in
847 2250 1121 2311 extremis
1146 2247 1401 2325 Japoniae
1429 2243 1644 2302 finibus
1667 2235 2094 2318 propagabant,

515 2361 756 2421 eandem·
796 2356 890 2415 alii
926 2352 1196 2411 fovebant
1216 2350 1274 2405 in
1297 2346 1524 2425 Imperii
1556 2345 1683 2403 sinu
1718 2363 1730 2398 :
1762 2339 2097 2418 Japonensis

516 2466 828 2543 Episcopus
873 2457 1107 2518 sedebat
1147 2449 1543 2530 Nangazachii.
1588 2445 1880 2505 Civitatem
1914 2442 1973 2497 in
2006 2459 2102 2518 pa-

520 2566 713 2624 raecias
746 2562 1001 2640 quinque
1032 2556 1254 2629 divisit⁷
1294 2553 1507 2631 quibus
1534 2547 1787 2629 praefecit
1821 2540 2101 2600 Parochos

523 2689 591 2726 ex
621 2668 740 2745 ipsa
773 2663 947 2722 ferme
976 2658 1246 2717 oriundos
1276 2654 1536 2734 Japonia.
1572 2648 1902 2730 Sodalitqates
1932 2642 2063 2700 duae
2082 2686 2099 2716 a

524 2770 697 2828 altera
733 2767 905 2838 JeSU‚
949 2762 1120 2820 altera
1169 2760 1360 2820 Mariae
1401 2755 1627 2814 nomine
1676 2750 1954 2828 insignitae
1990 2747 2105 2804 flo-

528 2875 732 2932 rebant
775 2880 830 2929 et
877 2885 1112 2926 numero
1159 2862 1438 2924 sodalium
1495 2867 1549 2917 et
1591 2858 1818 2937 pietate.
1876 2848 2106 2908 Interim

529 2976 706 3034 Meaci
747 2971 1030 3030 academia
1060 2968 1168 3025 fuit
1196 2966 1452 3023 instituta
1475 3007 1489 3036 a
1524 2961 1584 3018 in
1613 2977 1725 3036 qua
1756 2952 2110 3011 traderentur

535 3075 875 3154 disciplinae,
916 3071 1128 3148 quibus
1160 3068 1323 3125 avida
1360 3062 1572 3124 sciendi
1611 3058 1761 3117 natio
1795 3054 1917 3131 capi
1953 3049 2110 3109 etad

536 3178 783 3237 veritatis
816 3173 1161 3251 Evangelicae
1200 3169 1571 3247 cognitionem
1614 3160 1745 3219 duci
1778 3163 1967 3236 posset
2003 3175 2015 3209 :
2047 3151 2110 3208 id

539 3279 695 3357 quod
728 3280 787 3337 in
823 3277 952 3335 Sina
975 3321 991 3352 ,
1028 3265 1192 3333 Patre
1232 3270 1498 3333 Matthaeo
1533 3265 1722 3326 Riccio
1753 3255 1898 3322 duce
1917 3301 1933 3332 ‚
1968 3253 2111 3313 Socii
