2210 3651
201 931 241 966 et
260 925 345 979 ejus
365 925 496 969 exitus

198 991 351 1034 infelix.

530 292 651 352 22ss
1197 300 1440 341 EPITOME

528 417 760 495 hyems,
805 421 862 472 et
902 430 1053 469 mare
1088 407 1345 487 procellis
1379 403 1646 463 infestum
1679 398 1963 460 saeviebat.
2002 396 2106 455 Per

528 518 655 577 illas
707 526 895 575 tamen
945 523 1001 572 et
1058 517 1315 570 sexcenta
1364 505 1614 586 pericula
1657 503 1915 581 elapsus,
1965 500 2107 558 Min-

530 621 762 699 greliam
818 617 1069 675 habebat
1124 615 1185 670 in
1237 619 1570 688 conspectU,
1623 627 1751 665 cum
1809 602 2109 682 praefectus

534 724 803 781 Turcicus
833 740 999 778 naves
1023 719 1081 774 in
1112 714 1369 772 anchoris
1391 722 1535 771 stare
1558 712 1755 788 jussit,
1794 707 1972 765 donec
1999 726 2110 784 pax

533 835 678 884 esset
699 824 926 881 omnino
960 817 1233 876 confecta.

696 927 849 983 Dum
878 921 1090 981 fetiales
1121 920 1270 977 ultro
1302 919 1555 994 citroque
1590 923 1938 986 commeant,
1971 911 2112 969 abiit

534 1030 742 1089 mensis
785 1045 964 1099 unus,
1010 1026 1262 1099 itemque
1311 1020 1471 1078 alter.
1521 1018 1806 1075 Sedebant.
1844 1033 2012 1072 naves
2053 1013 2114 1069 in

533 1135 769 1195 statione
818 1149 1021 1208 parum
1073 1134 1229 1198 tuta,
1277 1143 1405 1180 cum
1457 1130 1686 1198 repente
1738 1128 1932 1175 octavo
1976 1115 2111 1173 Idus

531 1235 881 1298 Novembres
933 1240 1051 1288 atra
1099 1245 1240 1300 nox,
1289 1234 1345 1282 et
1384 1224 1686 1299 grandine,
1741 1218 2109 1290 fulminibus,

532 1340 825 1414 ventisque
865 1332 1094 1390 horrida
1136 1348 1291 1387 mare
1323 1325 1583 1398 miscuit,
1616 1343 1681 1380 ac
1711 1321 1908 1379 decem
1945 1337 2114 1377 naves

533 1447 819 1498 momento
873 1433 1165 1511 confregit.
1229 1431 1370 1502 Quae
1419 1427 1607 1484 Socios
1656 1415 1898 1482 vehebat
1947 1419 2116 1499 paulo

532 1541 879 1612 instructior,
913 1534 1244 1614 aliquandiu
1283 1530 1463 1588 ventis
1493 1539 1548 1586 et
1577 1530 1716 1585 irato
1747 1527 1888 1583 mari
1921 1525 2116 1582 obluc-

533 1657 677 1719 tata,
733 1640 978 1720 scopulis
1033 1639 1266 1695 demum
1297 1633 1458 1690 ’illisa
1503 1632 1687 1709 periit.
1749 1627 1939 1687 Nostri
1985 1645 2114 1683 cum

533 1750 821 1829 plerisque
873 1742 1227 1811 vectoribus,
1264 1735 1589 1793 tabularum
1621 1752 1727 1809 ope
1766 1730 2119 1788 semianimes

536 1857 853 1922 enatarunt.
884 1843 1103 1902 Amissa
1135 1838 1389 1917 supellex
1418 1837 1543 1914 pia,
1576 1853 1748 1911 quam
1771 1831 2117 1890 instruendae

534 1950 786 2011 Missioni
816 1951 1178 2025 paraverunt,
1205 1960 1334 1998 cum
1363 1938 1525 1995 libris
1556 1935 1821 1993 omnibus
1845 1916 1900 1992 et
1930 1932 2118 1992 sacelli

534 2057 932 2112 instrumentO.
987 2046 1054 2103 In
1095 2043 1416 2123 proximum
1476 2056 1731 2115 erepsere
1774 2056 2016 2114 pagum,
2063 2043 2120 2093 et

536 2153 817 2234 populum
866 2150 1069 2206 docere
1121 2151 1437 2223 coeperant,
1500 2139 1574 2197 ad
1625 2157 1872 2197 summas
1930 2157 2119 2194 rerum

540 2259 794 2317 omnium
824 2252 1107 2329 angustias
1136 2247 1378 2319 redacti,
1405 2254 1461 2301 et
1485 2242 1555 2300 de
1577 2240 1764 2311 reditu
1788 2240 2116 2316 cogitanteS,

540 2384 670 2421 cum
740 2359 929 2419 subito
997 2353 1231 2411 affertur
1300 2346 1666 2425 compositam
1724 2362 1844 2401 esse
1897 2361 2118 2419 pacem.

540 2467 762 2525 Omisso
791 2461 1008 2519 reditus
1054 2454 1315 2525 consiliO,
1360 2452 1500 2507 mari
1544 2470 1602 2506 se
1639 2447 2031 2518 committunt,
2065 2454 2122 2503 et

540 2571 703 2626 tertio
746 2568 935 2624 Nonas
965 2558 1300 2618 Februarias
1330 2554 1499 2630 hujus
1541 2551 1673 2607 anni
1708 2548 1952 2605 fluvium
1980 2546 2121 2604 Pha-

542 2671 646 2730 sim
668 2714 683 2743 ,
710 2688 775 2724 ac
798 2662 1068 2744 postridie
1095 2660 1308 2738 regiam
1338 2655 1538 2713 urbem
1565 2653 1810 2711 subiere.
1835 2649 2122 2706 Prodeun-

542 2781 624 2830 tes
665 2771 787 2827 Rex
828 2767 1074 2843 benigne
1119 2760 1444 2839 complexus
1488 2766 1602 2828 est,
1648 2774 1842 2813 verum
1876 2752 2121 2830 publicis

542 2873 778 2949 negotiis
818 2871 895 2927 ita
925 2867 1242 2938 districtus,
1275 2872 1341 2921 ut
1374 2870 1620 2940 potestas
1662 2857 1861 2936 agendi
1892 2857 1962 2913 de
1997 2856 2121 2913 reli-

545 2975 710 3051 gione
766 2973 970 3051 perdiu
1025 2968 1182 3027 nulla
1244 2966 1433 3025 fuerit.
1489 2966 1636 3023 Huic
1691 2961 1835 3028 male
1891 2960 2121 3018 accessit

544 3074 764 3133 bellum
798 3084 989 3130 contra
1032 3073 1242 3128 Turcas
1283 3079 1569 3139 exortum,
1607 3066 1678 3122 de
1720 3082 1833 3140 quo
1864 3080 2120 3140 proceres

547 3174 901 3252 interrogati,
956 3173 1200 3229 duorum
1252 3172 1491 3227 triumve
1535 3186 1807 3225 annorum
1851 3165 1968 3222 fore
2010 3181 2119 3221 res·

546 3278 909 3355 ponderunt:
970 3274 1213 3350 denique
1261 3272 1439 3331 Patris
1491 3269 1776 3347 Grangerii
1828 3267 2018 3326 Socius
2061 3265 2117 3320 in
