2210 3651
481 309 750 348 HISTORIAE
791 307 1109 345 socmTAris
1151 312 1301 349 JESU.
1555 291 1670 351 179

284 414 348 469 Ρ.
403 411 691 470 Balthazar
739 409 985 467 Barreira
1034 410 1171 466 dum
1220 413 1394 470 varias
1445 412 1674 471 Guineae

125 514 412 570 maritimae
461 512 653 590 plagas
696 511 927 585 lustrat,
966 520 1293 588 tempestate
1334 513 1549 573 delatus
1592 524 1676 574 est

121 615 178 672 in
212 624 436 692 portum
458 659 472 688 ,
505 634 674 691 quem
724 613 978 692 Europaei
1021 615 1255 671 maxime
1289 614 1672 691 frequentant,

121 725 176 774 et
217 716 504 793 praealtam
550 735 767 795 crucem
809 716 866 771 in
904 725 1096 792 portus
1133 716 1290 772 aditu
1329 716 1541 773 defixit.
1588 717 1678 774 Ad

122 839 244 876 eam
269 819 597 891 consistenS,
631 818 834 876 Christi
864 817 1170 874 doctrinam
1192 837 1305 874 non
1335 817 1502 874 modo
1535 817 1678 873 indi-

123 921 316 998 genis⁷
363 920 463 979 sed
495 921 660 977 etiam
705 918 1021 990 Saracenis7
1065 920 1177 976 imo
1209 919 1480 977 haereticis
1510 919 1674 993 illuc,

122 1041 153 1078 e
196 1031 310 1079 tota
351 1023 570 1099 Europa
612 1020 894 1077 confluere
937 1020 1111 1078 solitis
1159 1020 1493 1097 explicabat.
1543 1020 1682 1078 Inde

122 1139 449 1201 progressus
481 1122 555 1179 ad
582 1120 821 1179 insulam
860 1120 920 1178 S.
956 1121 1150 1178 Jacobi
1174 1164 1188 1193 a
1225 1120 1411 1178 Socios
1441 1130 1684 1198 quatuor

123 1245 155 1283 e
197 1225 480 1283 Lusitania
510 1233 757 1282 recentes
798 1222 1065 1296 offendit,
1099 1241 1241 1299 quos
1269 1243 1299 1280 e
1326 1223 1555 1300 vestigio
1583 1223 1686 1279 im-

124 1328 274 1383 misit
294 1328 353 1381 in
381 1334 632 1402 paratam
656 1342 920 1394 messem3
955 1325 1074 1401 ipse
1101 1325 1159 1380 in
1191 1323 1372 1381 insula
1397 1324 1646 1382 substitit
1665 1365 1681 1395 ‚

120 1439 175 1486 et
228 1436 521 1486 consuetos
569 1425 789 1482 labores
832 1444 997 1480 onere
1040 1442 1183 1479 novo
1224 1422 1530 1479 cumulavit
1579 1431 1686 1479 tra-

119 1530 323 1587 dendae
355 1528 560 1584 civium
590 1526 779 1582 liberis
810 1523 1019 1580 Latinae
1048 1523 1307 1597 Linguae,
1334 1522 1488 1598 quod
1524 1521 1687 1579 vehe-

125 1638 341 1687 menter
387 1628 460 1685 ad
496 1626 775 1703 religionis
811 1625 982 1682 decus
1026 1622 1372 1699 tutelamque
1412 1623 1688 1699 pertinere

115 1731 433 1811 judicabat.
486 1729 655 1786 Erant
696 1728 755 1784 in
796 1726 892 1784 illo
930 1746 1147 1783 summa
1191 1725 1408 1796 omnia⁷
1453 1744 1581 1800 quae
1628 1725 1688 1780 in

1709 425 1756 466 P.
1778 424 1967 467 Barreiroe

1710 491 1864 532 labores
1883 490 1981 533 varii

1711 560 1751 596 et
1767 555 1914 598 obitus.

123 1832 405 1911 Evangelii
449 1831 700 1888 ministro
743 1827 1046 1887 desiderari
1076 1835 1331 1904 possunt.
1367 1825 1530 1882 Tanti
1568 1825 1686 1882 vir-

124 1945 302 1993 tutem
333 1938 452 2012 ejus
490 1954 553 1990 ac
581 1932 936 2010 prudentiam
966 1930 1205 1987 faciebat
1229 1929 1527 1987 Lusitaniae
1553 1948 1681 2001 rex,

125 2049 189 2097 ut
214 2058 344 2097 suos
376 2038 435 2094 in
464 2036 550 2093 his
578 2035 738 2093 terris
761 2033 1050 2112 praefectos
1073 2032 1339 2102 vetuerit,
1372 2029 1685 2106 quidquam

125 2140 347 2217 majoris
392 2138 660 2195 momenti
703 2135 1027 2206 decernere,
1073 2133 1178 2189 nisi
1226 2131 1381 2207 prius
1431 2129 1685 2186 consulto

125 2241 393 2300 Barreira.
443 2240 570 2296 Non
612 2236 772 2293 illum
822 2246 954 2292 aetas
994 2236 1407 2310 ingravescens,
1453 2248 1566 2287 non
1605 2230 1687 2286 in—

128 2343 422 2402 commoda
463 2339 761 2412 valetudo„
806 2356 918 2394 non
960 2333 1259 2392 difficultas
1298 2332 1412 2390 ulla
1446 2329 1689 2390 retarda-

128 2448 258 2519 bat7
290 2446 392 2503 ubi
421 2444 570 2503 salus
593 2444 903 2500 animarum
926 2439 1215 2517 agebatur.
1244 2435 1409 2493 Felici
1439 2435 1688 2513 plurium

127 2567 401 2606 annorum
449 2546 642 2602 labore
682 2542 1041 2621 perfunctus,
1095 2540 1167 2596 ad
1217 2541 1336 2615 ejus
1393 2537 1687 2614 praemium

128 2660 388 2707 evocatus
409 2657 492 2707 est
512 2655 710 2724 quarto
739 2646 926 2703 Nonas
948 2642 1256 2701 Februarii.

290 2749 376 2808 Ad
418 2751 569 2806 idem
610 2747 901 2826 praemium
922 2790 936 2816 a
969 2745 1065 2802 sed
1095 2745 1181 2800 via
1212 2744 1465 2816 duriore7
1497 2762 1688 2819 perve-

130 2861 335 2910 nerunt
369 2851 432 2907 P.
469 2851 738 2907 Martinus
775 2848 845 2905 de
883 2846 1134 2918 Aranda⁷
1167 2846 1231 2902 P.
1266 2844 1528 2902 Horatius
1557 2844 1688 2900 Vec-

131 2954 318 3027 chius‚
352 2963 406 3011 et
442 2953 685 3009 Didacus
720 2950 1114 3008 Montalbanus
1148 2949 1199 3003 in
1236 2966 1405 3024 regno
1428 2945 1680 3004 Chileno.

132 3056 280 3112 Inter
349 3054 613 3132 dynastas
684 3053 921 3129 regionis
982 3052 1292 3128 praecipuOS
1360 3048 1689 3107 censebatur

135 3155 478 3233 Aganamon.
518 3156 652 3214 Tres
674 3160 792 3233 ejus
823 3155 1044 3232 pellices
1067 3152 1427 3231 profugerant
1455 3150 1527 3206 ad
1556 3147 1688 3203 His-

132 3278 404 3335 panorum
450 3278 665 3331 arcem„
719 3259 912 3335 ibique
965 3258 1308 3334 baptismum
1358 3275 1387 3310 a
1428 3249 1686 3308 Patribus

1775 2755 1902 2798 Occisi
1940 2755 1991 2797 ab

1720 2821 1835 2863 Indis
1855 2824 1991 2864 Patres

1723 2893 1800 2928 tres
1822 2903 1833 2928 z
