2210 3651
199 1091 400 1146 Aquaviva
411 1106 469 1134 re-

173 1163 287 1199 cusat
333 1158 472 1200 Archi-

173 1221 467 1277 episcopatum.

509 233 587 292 88
1175 259 1417 299 EPITOME

504 380 636 417 nam
678 360 981 420 obscurare
1031 373 1396 438 conarentur,
1451 365 1808 426 Innocentius
1851 369 1906 426 X
1945 368 2079 427 huic

504 461 683 520 Bullae
713 472 769 521 et
805 474 1030 524 assertae
1061 466 1456 524 Constitutioni
1483 469 1644 527 Pauli
1681 469 1758 543 V,
1798 471 1911 527 imo
1941 472 2078 530 actis

506 565 852 642 quibusdam
910 566 1422 644 Congregationum
1470 592 1599 648 quae
1651 581 1921 650 tanquam
1971 595 2078 631 au-

505 665 751 725 thentica
772 667 1226 746 proferebantur,
1253 670 1467 729 nullam
1498 673 1669 733 fidem
1693 674 2073 733 adhibendam

511 788 634 828 esse
661 770 986 829 declaravit.

655 935 879 982 Annus
913 934 1157 983 clu-isti
1191 936 1357 984 1608
1393 950 1410 985 ε
1447 938 1790 987 societatis
1825 939 1930 986 69.

670 1078 1088 1138 Nonnullorum
1138 1101 1168 1139 e
1217 1082 1452 1157 nostris,
1513 1086 1612 1162 qui
1666 1105 1754 1145 res
1804 1105 1976 1144 novas
2024 1087 2085 1143 in

505 1181 776 1241 Societate
798 1183 1178 1242 moliebantur
1208 1188 1529 1244 temerarios
1560 1198 1824 1262 conatus,
1858 1207 2083 1265 repres-

505 1295 652 1345 serat
694 1287 1063 1365 Congregatio
1106 1289 1305 1364 quinta
1347 1287 1620 1364 generalis
1668 1307 1814 1346 anno
1855 1309 2084 1347 Mnxcm

503 1389 730 1464 habita,
791 1409 906 1446 non
954 1390 1182 1467 penitus
1233 1399 1607 1467 oppresserat.
1668 1389 1895 1468 Experti
1942 1408 2083 1447 con-

500 1492 762 1551 stantiam
779 1535 794 1565 ,
819 1501 875 1549 et
901 1492 1173 1549 invictum
1196 1491 1465 1549 adversus
1494 1492 1747 1568 ipsorum
1768 1490 2085 1549 molitiones

504 1594 759 1651 animum
810 1593 1102 1671 Praepositi
1147 1592 1434 1650 Generalis
1477 1593 1699 1651 Claudii
1742 1592 2082 1670 Aquavivae,

499 1714 618 1753 non
647 1704 922 1772 putarunt
965 1695 1234 1772 consequi
1275 1714 1334 1754 se
1364 1696 1678 1774 quidquam
1715 1716 1881 1775 posse
1908 1718 2086 1775 quan-

502 1795 605 1854 diu
654 1796 940 1855 Societatis
990 1796 1378 1875 gubernacula
1426 1806 1662 1856 teneret.
1714 1798 1913 1876 Itaque
1963 1799 2087 1858 haec

500 1896 587 1955 illi
620 1899 836 1976 eripere
861 1901 980 1975 jam
1011 1898 1147 1957 inde
1181 1898 1255 1956 ab
1293 1919 1442 1957 anno
1473 1919 1658 1960 Mncvi
1694 1901 2080 1975 decreverant,

504 1997 605 2058 sed
639 2008 764 2057 astu
798 2008 854 2079 et
886 2019 989 2077 per
1022 2000 1336 2060 cuniculos.
1387 2001 1612 2061 Mortuo
1647 2000 2082 2083 Archiepiscopo

502 2100 904 2178 NeapolitanO,
940 2101 1317 2179 perfecerant,
1357 2114 1422 2161 ut
1454 2104 1711 2163 Pontifex
1743 2105 1826 2163 illi
1858 2125 2085 2166 succes-

505 2222 688 2262 sorem
746 2202 1098 2282 Aquavivam
1157 2208 1494 2266 nominaret.
1555 2209 1669 2266 Diu
1726 2208 2086 2286 multumque

503 2304 782 2364 laboravit
816 2306 1158 2384 Praepositus
1195 2307 1514 2382 Generalis,
1547 2317 1611 2366 ut
1641 2309 1909 2367 honorem
1947 2311 2083 2369 insi-

506 2406 732 2465 diosum
764 2418 1089 2467 excuteret:
1137 2409 1370 2468 demum
1412 2429 1581 2488 opera
1625 2409 1908 2468 Sfondrati
1943 2412 2084 2470 Car-

507 2510 711 2569 dinalis
747 2511 1093 2569 Clementem
1123 2514 1399 2587 exoravit,
1433 2522 1497 2570 ut
1527 2532 1585 2571 se
1615 2532 1782 2570 onere
1816 2512 2077 2588 molesto,

505 2611 836 2671 Societatem
879 2614 1160 2692 pericu10,
1205 2616 1486 2693 exitioque
1527 2614 1813 2673 liberaret.

672 2717 774 2775 His
831 2717 1086 2796 elapsum
1153 2718 1370 2777 insidiis
1432 2717 1781 2796 Aquavivam
1835 2718 1894 2775 in
1950 2718 2085 2779 alias

504 2821 785 2899 graviores
829 2824 1198 2898 conjecerant.
1243 2822 1309 2878 P.
1348 2820 1737 2879 Ferdinandus
1778 2819 2081 2898 Mendoza,

510 2923 921 2980 communicato
960 2943 1090 2980 cum
1126 2922 1620 3001 perturbatoribus
1661 2922 1926 2995 consiliO,
1965 2932 2084 2980 sta-

509 3032 696 3081 tuerat
724 3023 967 3080 illumin
991 3025 1319 3103 Hispaniam
1348 3025 1691 3103 pertrahere,
1725 3025 1826 3082 ubi
1848 3024 2083 3085 haberet

509 3127 698 3204 ipsum
735 3126 796 3182 in
836 3136 1129 3204 potestate.
1172 3128 1384 3205 Regem
1427 3127 1807 3201 Catholicum,
1853 3129 1942 3186 cui
1971 3148 2081 3186 no-

511 3236 636 3303 tus,
671 3237 728 3287 et
762 3248 923 3289 carus
955 3238 1105 3305 erat,
1140 3249 1242 3308 per
1273 3230 1515 3309 speciem
1547 3228 1795 3308 publicae
1828 3229 2082 3290 utilitatis
