2210 3651
151 1205 228 1248 Res
248 1205 428 1263 Angliae3

156 2218 178 2240 ’⁶
192 2218 309 2262 Hist.
322 2220 374 2261 P.
393 2217 449 2261 V.

154 2284 228 2328 lib.
249 2283 391 2328 XIII.

152 2636 274 2680 utiles
306 2635 400 2680 libri

155 2703 206 2746 P.
226 2702 409 2746 Personii
425 2717 439 2760 3

484 245 603 306 1324
1145 268 1388 308 EPITOME

483 366 834 427 summissos.
871 370 997 443 Quo
1027 389 1284 431 sermone
1311 373 1573 433 incitatus
1595 374 1842 449 Vizirus,
1869 376 2056 433 remit-

480 480 600 530 tere
639 473 699 530 in
735 473 951 531 Italiam
988 475 1177 532 Patres
1220 475 1473 533 animum
1515 477 1831 535 induxerat.
1879 476 2055 535 Adest

482 584 714 651 repente
742 574 1002 634 lictorum
1040 585 1096 634 et
1130 575 1371 633 militum
1405 588 1642 636 caterva.
1679 578 2055 657 Comprehen-

485 676 723 752 duntur,
755 680 1100 752 vinciuntur,
1136 679 1414 756 jubentur
1454 681 1774 756 discedere,
1822 684 1900 740 sic
1940 682 2059 739 Im-

483 781 726 857 peratori
774 781 1014 858 placere.
1064 781 1168 839 Vix
1221 792 1646 860 tempestatem,
1693 805 1821 862 quae
1871 784 2057 841 omnia

484 889 731 939 extrema
774 882 1126 957 minabatur,
1181 884 1320 941 Baro
1371 885 1733 963 Salignacus,
1794 885 2057 944 Christia-

483 984 699 1043 nissimi
741 986 908 1064 Regis
938 986 1162 1059 Orator,
1208 988 1566 1061 auctoritate,
1611 989 1822 1066 gratia,
1869 995 1925 1045 et
1967 986 2061 1044 de-

483 1090 803 1164 precatione
830 1091 1170 1162 amicorum,
1205 1089 1466 1167 placavit.
1514 1169 1518 1172 .

648 1190 722 1250 At
762 1193 820 1248 in
869 1191 1068 1269 Anglia
1111 1192 1397 1249 Societatis
1433 1202 1489 1250 et
1525 1191 1766 1250 nominis
1806 1190 2063 1250 catholici

482 1297 700 1352 vexatio
740 1295 1051 1352 recruduit.
1092 1296 1265 1352 Novae
1299 1294 1451 1371 leges
1481 1294 1882 1373 promulgatae,
1916 1314 2062 1352 nova

483 1397 762 1475 ergastula
792 1397 1077 1475 prioribus
1107 1396 1331 1470 addita,
1365 1405 1420 1454 et
1448 1397 1634 1455 nescio
1672 1396 1799 1473 quis
1830 1396 2064 1453 carceris

485 1508 708 1573 custos,
751 1519 968 1557 carcere
1009 1518 1110 1556 suo
1148 1500 1268 1576 ipse
1304 1498 1555 1556 inclusus
1604 1497 1711 1554 fuit
1747 1498 1879 1575 quia
1921 1497 2067 1555 duos

485 1600 812 1660 Sacerdotes
848 1601 1092 1678 colloqui
1129 1601 1299 1658 simul
1334 1621 1532 1679 passus
1569 1610 1707 1659 erat.
1747 1601 1954 1658 Contra
1982 1610 2067 1657 tot

483 1700 674 1761 hostes
702 1703 1037 1781 pugnabant
1070 1724 1100 1761 e
1135 1705 1247 1761 suis
1284 1704 1515 1761 latebris
1557 1703 1733 1777 Socii,
1772 1702 2061 1780 exempIO,

486 1801 1003 1880 cohortationibus,
1036 1807 1218 1864 libris.
1256 1806 1421 1863 Multi
1457 1805 1784 1882 prodierant
1812 1825 1843 1861 a
1863 1805 1930 1861 P.
1958 1806 2068 1861 Ro-

483 1904 648 1964 berto
697 1907 962 1965 Personio
1013 1907 1346 1984 conscripti,
1401 1926 1433 1963 e
1481 1906 1693 1983 quibus
1735 1904 2068 1964 incredibile

485 2016 570 2065 est
612 2016 883 2084 quantam
928 2017 1191 2087 caperent
1227 2008 1524 2066 utilitatem
1563 2008 1763 2065 erroris
1805 2024 1967 2084 aeque
2002 2026 2069 2064 ac

485 2109 735 2168 veritatis
779 2109 1058 2184 cultores,
1105 2110 1163 2168 hi
1204 2120 1269 2169 ut
1299 2110 1659 2184 docerentur,
1693 2110 1775 2167 illi
1806 2121 1868 2168 ut
1891 2110 2068 2168 dedo-

488 2221 766 2270 cerentur.
788 2212 816 2240 *
849 2212 917 2269 Et
954 2215 1220 2290 quoniam
1257 2216 1542 2292 praecipua
1571 2214 1761 2291 legum
1792 2215 2068 2273 acerbitas

486 2314 547 2372 in
595 2334 690 2373 eos
746 2325 1066 2393 comparata
1115 2325 1265 2390 erat,
1319 2318 1415 2393 qui
1468 2316 1861 2373 haereticorum
1913 2316 2069 2373 adire

487 2418 701 2496 templa
743 2419 1113 2491 recusabant,
1159 2428 1257 2475 aut
1301 2419 1538 2496 impium
1582 2418 1868 2476 fidelitatis
1905 2420 2068 2493 jura-

489 2530 745 2578 mentum
785 2521 980 2594 edere,
1014 2530 1321 2599 utrumque
1351 2521 1457 2579 hoc
1487 2531 1657 2599 caput
1687 2520 1900 2598 duplici
1921 2519 2069 2576 libro

489 2622 790 2680 Personius
831 2622 1119 2700 explicuit.
1174 2622 1255 2681 Ac
1304 2624 1475 2700 priori
1519 2622 1750 2700 quidem
1796 2619 2071 2698 Langdal·

490 2725 611 2783 lum
629 2771 643 2800 ,
677 2726 961 2784 doctorem
986 2726 1234 2804 Anglum
1257 2725 1492 2800 refellit,
1519 2727 1617 2803 qui
1649 2744 1880 2803 operosa
1908 2723 2068 2780 lucu-

493 2829 751 2887 bratione
782 2830 1167 2888 demonstrare
1198 2828 1489 2887 studuerat
1517 2827 1599 2886 fas
1633 2846 1753 2885 esse
1784 2823 2068 2883 catholicis

491 2930 704 3008 templa
727 2931 1162 2989 Protestantium
1193 2940 1247 2988 et
1283 2950 1435 2988 sacra
1467 2928 1842 3006 frequentare.
1882 2925 2070 2981 Poste-

491 3035 624 3093 riori
653 3035 800 3091 libro
822 3079 836 3108 ,
881 3035 1069 3111 ipsum
1113 3032 1328 3109 Angliae
1359 3033 1568 3108 Regem
1600 3027 1937 3099 confutavit,
1970 3025 2068 3102 qui

492 3138 823 3196 Juramento
881 3136 1188 3194 Fidelitatis
1239 3134 1377 3191 nihil
1429 3132 1584 3190 aliud
1639 3131 1755 3208 peti
1785 3128 2066 3198 volebat,

494 3259 664 3315 quam
731 3238 889 3296 civile
954 3236 1242 3315 quoddam
1307 3236 1644 3312 obsequium
1707 3242 1763 3290 et
1819 3230 2067 3288 debitam
