2210 3651
194 3027 234 3064 et
248 3021 290 3064 in
310 3021 455 3065 Africa.

514 220 593 279 64
1175 242 1416 281 EPITOME

512 352 700 400 torum
748 341 861 401 huc
913 342 1079 417 illuc,
1133 364 1247 422 quo
1305 347 1635 405 certantium
1687 346 2080 407 Lusitanorum

513 444 702 518 ardor,
743 466 855 523 quo
891 448 1248 504 morientium
1281 448 1491 506 clamor
1519 450 1790 523 vocabat,
1830 451 2084 508 fereban-

514 556 626 605 tur.
662 549 726 606 P.
755 550 790 606 J
795 570 999 608 oannes
1032 550 1252 609 Abreus
1285 571 1316 609 e
1352 571 1451 609 sua
1481 553 1729 630 dejectus
1759 554 1886 610 navi
1915 553 2085 611 felici-

514 660 598 709 ter
627 652 920 726 enatabat,
949 673 1077 710 cum
1113 654 1172 709 in
1209 654 1543 712 Batavorum
1573 657 1890 733 praetoriam
1919 664 2085 713 vento

514 752 764 828 delatus,
799 754 871 811 ab
913 755 978 812 iis
1021 755 1333 815 trucidatus
1378 766 1480 815 est.
1531 757 1778 815 Blasium
1807 759 2086 816 Pereiram

514 859 633 934 ejus
662 856 883 913 Socium
915 856 1085 933 paulo
1113 866 1241 915 ante
1271 867 1643 936 peremerant.

679 957 848 1014 Siami
870 958 990 1015 Rex
1012 958 1321 1033 Lusitanis,
1350 962 1448 1038 qui
1471 961 1743 1018 Malacam
1773 969 1962 1018 contra
1991 960 2091 1019 Ba-

517 1069 670 1119 tavos
712 1060 927 1119 fortiter
959 1075 1485 1141 propugnaverant,
1531 1085 1633 1143 per
1675 1085 1805 1124 suos
1845 1074 2090 1123 oratores

514 1163 855 1240 gratulatus,
915 1164 1106 1223 Patres
1175 1167 1235 1222 in
1293 1186 1531 1243 regnum
1584 1187 1751 1225 suum
1808 1168 2088 1240 invitavit,

514 1286 694 1323 unum
729 1287 846 1343 prae
879 1269 1096 1340 ceteris,
1131 1289 1301 1344 quem
1327 1268 1547 1345 pridem
1578 1278 1739 1324 norat
1758 1312 1773 1340 ,
1797 1270 1862 1325 P.
1892 1270 2094 1327 Trista-

514 1389 652 1425 num
692 1369 994 1447 Golayum.
1035 1370 1136 1427 Ille
1168 1370 1417 1427 Siamum
1447 1369 1800 1448 profecturus
1833 1371 2093 1428 comitem

515 1471 745 1548 expetiit
773 1471 837 1528 P.
874 1470 1254 1530 Balthasarem
1286 1472 1610 1549 Sequeiram
1632 1517 1646 1546 ,
1681 1474 1779 1549 qui
1813 1493 1844 1529 a
1873 1474 1937 1530 P.
1966 1474 2109 1530 Pro-.

515 1572 743 1630 vinciali
788 1573 1035 1631 monitus
1057 1618 1071 1646 ,
1105 1583 1171 1630 ut
1209 1557 1554 1651 exploraret,
1596 1594 1773 1651 ecqua
1810 1594 1937 1652 spes
1970 1593 2094 1652 pro-

515 1675 761 1753 pagandi
822 1684 977 1731 tanto
1030 1677 1087 1732 in
1139 1694 1312 1752 regno
1356 1675 1639 1753 Evangelii
1682 1675 2093 1749 ostenderetur,

518 1777 774 1854 pervenit
808 1778 1017 1860 regiam
1043 1778 1103 1834 in
1137 1777 1343 1835 urbem
1384 1798 1513 1834 cum
1544 1778 1609 1834 P.
1645 1777 1889 1855 Golay0,
1926 1776 2097 1854 paulo

519 1891 648 1938 ante
691 1879 987 1938 Paschales
1033 1879 1228 1954 ferias,
1277 1899 1620 1958 operamque
1661 1877 1998 1956 perutilem,
2042 1886 2100 1936 et

518 1982 988 2058 pernecessariam
1039 1982 1263 2038 navavit
1314 1981 1640 2040 Christianis
1674 1980 2097 2059 compluribUS,

518 2102 584 2141 eo
627 2085 926 2142 convenire
974 2083 1180 2158 solitis,
1222 2085 1335 2141 imo
1367 2084 1504 2161 ipsis
1543 2083 1810 2156 ethniciS,
1857 2086 2102 2160 quorum

519 2188 826 2246 nonnullos
866 2187 1019 2245 vitali
1058 2208 1205 2264 aqua
1251 2187 1505 2259 Christo,
1555 2186 1807 2261 coeloque
1849 2184 2099 2260 peperit,

523 2290 765 2346 maxime
793 2289 1082 2366 parvulos,
1128 2289 1315 2346 statim
1344 2307 1375 2344 a
1405 2287 1688 2364 baptismo
1726 2284 2013 2342 meliorem
2042 2285 2103 2341 in

520 2392 691 2448 vitam
733 2392 1110 2449 transmissos.
1165 2390 1367 2448 Manus
1411 2390 1578 2447 etiam
1616 2409 1745 2446 cum
1781 2388 2102 2465 Talapoinis

523 2493 627 2571 (sic
653 2504 924 2551 vocantur
963 2494 1143 2569 gentis
1180 2491 1459 2570 doctores)
1502 2478 1810 2563 conseruit,
1858 2509 2103 2568 quorum

523 2593 887 2651 deliramenta
918 2596 1109 2672 pronis
1139 2595 1373 2652 auribus
1405 2595 1605 2652 misera
1641 2593 1805 2672 plebs
1841 2591 2100 2648 bibebat.

522 2697 642 2753 Rex
670 2697 790 2773 ipse
812 2716 927 2753 non
956 2697 1129 2756 semel
1152 2699 1520 2756 disserentem
1543 2696 1791 2768 audivit,
1818 2715 1921 2752 nec
1943 2693 2105 2751 illum

524 2808 651 2855 ante
690 2800 924 2857 missum
959 2800 1122 2874 fecit,ยน
1157 2822 1330 2878 quam
1359 2802 1419 2858 in
1454 2805 1574 2879 ejus
1602 2801 1795 2858 locum
1827 2799 1969 2857 alius
1998 2798 2104 2855 So-

526 2903 738 2960 cietatis
770 2902 1040 2961 Sacerdos
1071 2904 1414 2981 subrogatus
1444 2914 1609 2962 esset.

690 3007 871 3078 Quem
925 3007 1179 3084 religioni
1223 3028 1286 3065 ac
1331 3007 1589 3064 Societati
1631 3005 1876 3062 favorem
1916 3000 2103 3060 verbis

526 3108 930 3186 promissisque
971 3129 1069 3165 rex
1111 3109 1281 3165 Siami
1323 3109 1657 3187 praestabat,
1706 3104 1969 3163 eumdem
2009 3123 2104 3160 re-

528 3209 641 3269 bus
679 3210 815 3288 ipsis
852 3230 916 3269 ac
943 3210 1101 3270 factis
1131 3211 1470 3290 praebebant
1506 3211 1737 3269 Guineae
1775 3194 1964 3286 reges,
1995 3205 2104 3263 Pe-
