2210 3651
462 318 734 358 ms‘romAE
773 316 1092 354 soc1ETA‘r1s
1133 319 1283 357 ausu.
1538 300 1654 359 125

103 420 335 491 zandOS,
361 428 418 476 et
447 418 771 476 Christianis
793 417 1113 476 educandos
1136 419 1448 478 nutricibus
1471 421 1647 479 dedit.

100 519 369 581 Laudavit
407 521 660 577 universa
696 520 931 597 Japonia
962 519 1311 591 charitatem,
1350 528 1404 575 et
1443 521 1498 576 in
1533 541 1655 597 par-

101 630 212 679 tem
263 631 521 700 sumptus
569 622 864 698 operisque
923 620 1175 698 praeclari
1228 628 1424 696 sponte
1480 623 1648 677 venit.

98 722 333 800 Magnus
387 734 653 802 praeterea
696 724 863 800 lepris
905 721 1279 778 laborantium
1323 721 1380 775 in
1421 720 1654 796 Japonia

96 842 363 882 numerus
392 834 493 883 est.
530 825 782 904 Urbi-bus
803 824 1236 899 ejectijacebant
1270 823 1327 878 in
1362 823 1505 898 agris
1535 842 1658 900 pas-

96 924 201 981 sim
236 926 342 982 sub
387 927 516 998 di0,
552 926 764 982 cunctis
807 943 1097 980 occursum
1131 933 1530 1000 aspectumque
1562 923 1659 980 fu—

98 1026 400 1100 gientibus.
457 1027 521 1081 Id
571 1027 718 1082 enim
764 1026 979 1102 generis
1029 1025 1261 1082 humani
1303 1025 1507 1098 hostiS,
1559 1025 1659 1102 qui

94 1128 404 1184 animarum
435 1128 603 1184 exitio
627 1128 894 1204 pascitur,
921 1126 1204 1203 plerisque
1231 1126 1405 1182 Indiae
1434 1126 1657 1203 populis

93 1231 396 1305 persuasit,
422 1230 589 1288 iratos
624 1250 742 1288 esse
771 1231 1013 1308 Superos
1037 1230 1360 1288 hominibus
1384 1239 1654 1306 egestate,

94 1329 336 1403 morbis,
362 1340 459 1387 aut
480 1331 667 1408 aliquo
692 1331 798 1387 alio
831 1341 1045 1388 naturae
1069 1333 1200 1387 vitio
1222 1332 1456 1404 affectis,
1490 1341 1658 1408 atque

94 1429 234 1486 adeo
277 1431 537 1489 mortales
580 1434 708 1507 jure
755 1431 999 1490 infensos
1040 1432 1237 1489 iisdem
1283 1452 1402 1489 esse
1442 1451 1604 1508 posse
1639 1453 1651 1488 ε

90 1551 275 1607 neque
310 1532 464 1589 aliud
508 1534 780 1588 mirantur
821 1534 1018 1607 magiS,
1058 1552 1228 1607 quam
1260 1553 1387 1588 cum
1418 1533 1658 1589 audiunt

91 1633 438 1709 pauperibus
480 1642 535 1691 et
574 1633 902 1690 aerumnosis
933 1632 1274 1709 praecipuam
1307 1633 1656 1708 sempiternae

89 1731 365 1791 felicitatis
414 1744 629 1812 partem
680 1734 884 1791 divinis
941 1732 1182 1790 consiliis
1229 1741 1283 1790 et
1331 1731 1658 1809 Evangelica

90 1836 387 1911 sponsione
428 1835 781 1893 destinatam.
829 1834 1168 1911 Organtinus
1210 1834 1379 1910 igitur
1418 1834 1656 1892 deformi

89 1934 407 1995 laborantes
437 1937 635 1994 morbo
666 1936 921 2012 collegit,
954 1935 1134 2011 iisque
1154 1935 1485 2011 recipiendis
1507 1938 1656 1992 varia

94 2041 411 2097 nosocomia
476 2038 746 2096 condidit.
813 2037 929 2095 Has
995 2036 1387 2094 misericordiae
1458 2037 1655 2095 domos

97 2141 178 2218 (id
207 2143 355 2199 enim
385 2142 624 2198 nominis
658 2140 984 2217 impositum
1015 2137 1126 2195 illis
1154 2136 1358 2214 fuerat)
1388 2120 1656 2214 frequen4

90 2242 286 2299 tabant
319 2243 509 2299 Patres
531 2286 546 2314 ,
578 2251 634 2298 et
667 2261 855 2298 secum
886 2239 1076 2296 nobile
1108 2239 1556 2317 neophytorum,
1589 2248 1655 2296 ut

88 2344 328 2420 quisque
364 2342 850 2420 splendidissimus
880 2349 997 2397 erat
1020 2384 1034 2412 ,
1068 2360 1268 2416 agmen
1297 2339 1654 2397 deducebant

89 2444 161 2502 ad
183 2444 547 2502 ministranda
578 2444 789 2501 miseris
817 2442 1119 2499 necessaria
1152 2440 1421 2498 subsidia.

254 2547 434 2618 Quem
483 2546 542 2600 in
583 2545 817 2622 Japonia
859 2543 1110 2619 religioni
1161 2541 1514 2619 splendorem
1562 2542 1651 2600 isti

89 2648 307 2705 nobiles
363 2646 774 2723 adjungebant,
848 2644 1110 2702 eumdem
1184 2643 1527 2721 praestabant
1593 2645 1652 2700 in

91 2751 275 2810 Africa
303 2768 480 2825 reges.
521 2747 814 2825 Philippus
835 2746 1112 2804 Montium
1135 2744 1331 2802 Leanae
1362 2765 1488 2817 rex,
1523 2765 1652 2802 cum

90 2852 427 2928 defigeretur
454 2850 512 2905 in
540 2851 837 2926 conspicuo
861 2856 1056 2926 portus
1078 2846 1198 2903 loco
1221 2846 1448 2924 praealta
1479 2866 1614 2904 crux
1633 2891 1647 2920 ,

89 2952 306 3009 addidit
356 2971 414 3008 se
463 2952 664 3008 nostris
719 2972 840 3009 eam
891 2950 1272 3027 gestantibus,
1332 2959 1387 3006 et
1443 2948 1652 3026 regales

93 3053 354 3111 humeros
388 3054 538 3109 oneri
575 3053 665 3130 pio
696 3053 1010 3130 supposuit.
1046 3052 1274 3123 Eversa,
1309 3071 1434 3127 quae
1464 3051 1653 3106 immi-

96 3155 308 3212 nebant
347 3156 533 3232 portui
583 3154 849 3213 falsorum
891 3155 1186 3212 numinum
1229 3153 1496 3225 delubra,
1533 3162 1653 3206 tro-

96 3256 322 3333 phaeum
365 3258 539 3316 crucis
579 3257 946 3316 illustrarunt.
993 3256 1147 3315 Idem
1189 3255 1480 3331 Philippus
1523 3271 1651 3309 eum

1692 740 1729 773 et
1749 734 1929 785 leprosos

1693 798 1923 852 collegerat.

1724 2543 1878 2598 Religio
1896 2558 1982 2588 am-

1688 2609 1862 2662 plificata
1890 2610 1934 2652 in

1688 2674 1889 2716 Montibus

1688 2742 1841 2782 Leaenae
1852 2771 1864 2791 ‚
