2210 3651
104 981 151 1021 In
175 981 347 1035 Japonia

76 1045 293 1088 reflorescit

75 1118 218 1163 pietas.

421 229 502 289 28
1098 253 1340 293 EPITOME

415 359 652 432 juvenes
684 353 851 413 bonae
880 354 1109 431 indolis,
1138 367 1193 416 et
1222 359 1445 418 virtutis
1466 370 1741 438 expertae‚
1770 364 1867 439 qui
1890 363 2004 421 huc

417 456 554 513 illuc
595 458 918 536 exspatiati,
952 460 1240 519 erudirent
1276 462 1482 537 rudes,
1517 464 1869 543 baptizarent
1896 488 2003 546 pe-

416 557 751 635 riclitantes,
800 560 1045 640 denique
1088 564 1485 640 Sacerdotum‚
1540 588 1652 644 qua
1697 568 1812 642 fas⁷
1860 587 2002 645 sup-

416 659 636 737 plerent
708 664 877 722 vices.
944 665 1244 723 Penuriam
1308 667 1566 726 eamdem
1619 670 2003 747 operariorum

416 764 646 821 omnino
681 765 997 824 sublevavit
1034 768 1285 846 Hispana
1328 771 1518 830 classis
1539 817 1553 846 7
1597 793 1727 850 quae
1757 781 2001 851 quatuor

414 875 470 924 et
492 869 683 946 viginti
716 868 905 927 Socios
933 870 992 926 in
1022 870 1371 950 Philippinas
1403 873 1739 953 deportavit.

579 969 667 1028 Ad
705 980 931 1029 centum
967 973 1164 1050 viginti
1194 974 1413 1050 800105,
1448 986 1589 1054 quot
1620 985 1778 1035 erant
1808 977 1868 1032 in
1895 974 1999 1032 Ja-

410 1073 611 1148 ponia⁷
645 1073 926 1131 sexdecim
963 1075 1056 1131 alii
1091 1086 1475 1151 accesserunt,
1518 1078 1737 1136 invitati
1768 1077 2000 1134 malacia

411 1173 656 1250 quadam
692 1185 748 1233 et
791 1179 1121 1253 serenitate,
1163 1201 1291 1257 quae
1329 1182 1632 1260 superioris
1672 1183 1804 1239 anni
1839 1191 2000 1238 tene-

409 1275 572 1352 bras,
621 1299 736 1336 non
775 1280 875 1337 diu
917 1292 1106 1339 tamen
1136 1283 1445 1354 duratura,
1486 1266 1770 1340 discussit.
1808 1282 2000 1358 Impe-

404 1388 556 1436 rator
591 1380 781 1438 adhuc
817 1385 1157 1442 necessarios
1199 1383 1308 1442 sibi
1352 1382 1695 1440 Christianos
1726 1383 1992 1460 judicans

405 1481 641 1541 moleste
664 1483 794 1540 >tulit
825 1484 1217 1542 crudelitatem
1249 1506 1422 1563 quam
1453 1487 1510 1542 in
1543 1487 1668 1546 illos
1698 1489 1815 1545 Rex
1837 1488 2012 1564 Fingiv

406 1583 736 1658 exercebat,
799 1605 1040 1662 eamque
1090 1588 1250 1645 novis
1304 1589 1373 1649 jn
1423 1588 1653 1647 eosdem
1707 1589 1996 1647 beneficiis

406 1705 770 1765 compensare
800 1707 865 1744 ac
894 1687 1082 1746 delere
1111 1688 1352 1747 studuit.
1396 1689 1594 1768 Itaque
1628 1711 1758 1749 cum
1789 1690 1997 1750 adfuis-

404 1799 488 1848 set
509 1790 619 1849 sub
643 1792 774 1848 anni
796 1791 1136 1870 principium
1161 1792 1225 1850 P.
1254 1793 1599 1870 Organtinus
1623 1802 1687 1851 ut
1710 1801 1993 1851 consuetae

403 1891 754 1952 salutationis
804 1894 1045 1973 vectigal
1103 1894 1408 1972 penderet,
1471 1916 1603 1954 eum
1656 1916 1687 1953 e
1744 1895 1994 1953 conferta

400 1997 776 2072 Bonziorum7
821 2018 965 2076 quos
1007 1999 1159 2057 idem
1207 1999 1459 2056 officium
1501 1999 1779 2056 exciverat
1820 1997 1993 2055 turba

399 2100 634 2173 exemit,
669 2119 733 2157 ac
762 2120 864 2177 per
893 2089 1037 2159 duas
1066 2101 1233 2158 horas
1264 2101 1684 2178 colloquentem
1718 2101 1984 2159 detinuit.

397 2200 615 2257 Prodiit
651 2203 710 2258 in
738 2221 938 2259 novam
978 2203 1139 2278 quasi
1170 2200 1358 2259 lucem
1388 2203 1584 2278 religio
1615 2221 1717 2278 per
1754 2202 1994 2259 occasio-

398 2324 529 2361 nem
551 2305 717 2381 regiae
748 2306 805 2360 in
839 2307 960 2380 ejus
992 2303 1290 2379 magistros
1320 2301 1730 2360 benevolentiae
1751 2346 1765 2375 a
1803 2310 1859 2358 et
1880 2322 1995 2359 am-

397 2405 552 2484 plius
587 2415 831 2484 quatuor
869 2405 1045 2463 millia
1084 2404 1438 2464 ethnicorum
1469 2405 1665 2482 paucis
1702 2405 1993 2473 mensibus

401 2508 684 2566 coelestem
736 2508 1049 2567 hauserunt
1109 2528 1140 2566 e
1189 2509 1360 2567 sacris
1416 2508 1684 2586 baptismi
1738 2506 1989 2585 lymphis

399 2611 705 2688 originem3
747 2619 802 2668 et
840 2611 986 2668 inter
1021 2610 1148 2668 illos
1187 2609 1303 2667 filia
1340 2609 1748 2686 Nobunangae,
1786 2609 1990 2687 nuperi

396 2712 684 2789 Japonum
743 2713 1142 2792 Imperatoris,
1210 2710 1461 2791 itemque
1514 2713 1854 2771 Taicosamae
1898 2733 1991 2771 ne-

396 2834 521 2892 pos.
580 2815 1020 2875 Seminariorum
1065 2816 1280 2874 alumni
1317 2815 1392 2873 ad
1432 2816 1666 2894 pristina
1713 2814 1986 2893 paulatim

398 2916 679 2975 domicilia
716 2920 1025 2977 redierunt.
1075 2919 1253 2978 Meaci
1287 2919 1634 2996 gubernator
1674 2917 1856 2974 aedem
1895 2936 1989 2973 sa-

399 3041 550 3078 cram
591 3023 1201 3099 magnificentissimam
1239 3023 1297 3079 in
1336 3023 1610 3100 superiori
1645 3029 1804 3098 parte
1847 3020 1987 3076 civi-

399 3124 560 3197 tatis7
613 3135 817 3202 praeter
868 3125 1035 3183 aliam
1086 3125 1241 3182 haud
1298 3124 1641 3203 ignobilem7
1704 3143 1875 3201 quam
1928 3124 1987 3180 in

400 3225 646 3286 inferiori
681 3231 799 3307 jam
842 3228 1234 3304 habebamUS,
1278 3227 1548 3287 extruxit.
1605 3224 1985 3305 Nangazachii
