2210 3651
204 252 328 312 272
784 273 953 310 mni-:x
996 271 1440 313 ALPHABETICUS.

197 371 579 422 FERNANDIUS
605 373 675 436 (P.
702 375 1000 431 Emmanuel)
1020 374 1276 434 AEthiopiae
1302 375 1588 420 Patriarcha.
1609 374 1671 421 11.
1697 374 1805 421 284.

197 455 577 504 FERNANDIUS
603 457 841 519 (Joannes)
867 457 1051 502 Xaverii
1075 457 1281 515 adjutor.
1307 457 1345 501 Ι.
1369 458 1476 503 199.

261 539 386 586 Mors
406 541 506 599 ejus
529 548 576 586 et
600 543 890 585 encomium.
914 540 976 586 II.
1002 540 1090 586 185
1114 547 1159 584 et
1181 553 1281 596 seq.

198 621 485 669 FERRIERI
514 622 772 684 (Jeremias)
806 638 831 668 a
860 621 1131 667 Calviniana
1155 622 1322 664 haeresi
1346 627 1606 665 revocatus.
1631 620 1707 667 lv.
1732 620 1819 665 211
1847 626 1893 665 et
1916 634 2015 678 seq.

197 702 363 752 FINGI
387 707 485 751 Rex
509 706 844 766 Cazugedonus
868 708 917 750 in
943 705 1233 749 Christianos
1256 706 1404 747 saevit.
1430 702 1505 748 IV.
1535 704 1589 747 14
1615 709 1661 747 et
1684 718 1783 762 seq.

196 785 467 844 FIRANDI,
504 787 571 850 (in
602 789 814 847 Japoniae
847 784 1020 846 insula)
1048 784 1228 843 Religio
1252 783 1515 828 Christiana
1548 783 1839 829 Bonziorum
1862 785 2020 829 furore

320 872 559 916 turbatur.
586 869 647 914 II.
679 870 734 914 12
762 875 808 913 et
842 882 942 926 seq.

260 951 405 997 Novae
425 957 711 998 vexationes.
739 950 846 995 185.

258 1034 417 1080 Patres
444 1039 661 1094 quinque
683 1047 867 1078 veneno
891 1032 1086 1077 sublati.
1112 1016 1196 1075 III.
1224 1028 1330 1096 162.

198 1117 512 1166 FIRMANUM
538 1123 587 1163 in
611 1118 785 1162 Piceno
811 1116 1094 1174 Collegium.
1120 1113 1196 1159 IV.
1227 1112 1338 1157 118.

197 1201 433 1248 FLEXIAE
449 1236 461 1258 ‚
486 1205 538 1246 in
570 1200 693 1261 Agro
726 1199 1068 1258 Andegavensi,
1094 1211 1119 1240 a
1152 1196 1276 1255 Rege
1306 1195 1508 1239 Henrico
1531 1193 1587 1239 lV
1607 1193 1777 1239 domus
1800 1193 2020 1239 donatur.

325 1285 400 1331 IV.
426 1285 471 1330 5.

259 1368 383 1414 Huic
405 1373 603 1413 centena
627 1380 882 1413 aureorum
904 1366 1054 1411 millia
1079 1367 1298 1424 assignat.
1324 1363 1401 1408 55.
1460 1396 1463 1399 -

261 1450 322 1497 Et
344 1466 427 1498 cor
445 1467 587 1499 suum
609 1459 716 1512 post
739 1457 943 1497 mortem
967 1451 1135 1495 donari
1156 1449 1277 1494 vult.
1307 1447 1416 1494 129.

199 1533 559 1582 FLORENTIAE
587 1536 868 1596 Collegium.
895 1533 930 1578 l.
956 1533 1064 1579 185.

200 1616 461 1664 FLORIDA
486 1634 513 1664 a
533 1618 751 1664 Patribus
775 1621 975 1664 visitata.
1001 1615 1060 1660 Il.
1091 1614 1176 1660 171
1206 1619 1254 1658 et
1275 1626 1374 1671 seq.

259 1699 386 1747 Socii
410 1707 517 1746 octo
543 1701 770 1746 insidiose
793 1701 964 1744 necati.
988 1697 1080 1742 225
1103 1703 1150 1741 et
1172 1709 1272 1753 seq.

200 1782 501 1830 FOROLIVII
526 1785 808 1843 Collegium.
835 1783 892 1826 ΙΙ.
917 1780 997 1825 25.
1331 1816 1341 1825 ,

201 1866 569 1915 FRANciscus
592 1868 783 1926 Borgias
816 1848 1164 1925 (S.),'Gandiae
1195 1856 1300 1901 Dux
1329 1853 1574 1901 Societatis
1610 1852 1814 1913 collegia
1840 1868 2031 1912 promo-

326 1957 423 1995 vet.
448 1950 485 1994 Ῑ.
514 1949 591 1995 95.

266 2030 513 2078 Societatis
532 2028 756 2074 ineundae
780 2026 1059 2090 consilium,
1088 2023 1261 2066 litterae
1294 2018 1352 2065 ad
1379 2019 1615 2080 Ignatium
1647 2022 1851 2079 scriptae.
1876 2020 1953 2065 94.

263 2115 396 2162 Votis
420 2115 601 2159 emissis
626 2126 674 2157 se
698 2112 769 2155 illi
795 2109 1065 2168 conjungit.
1093 2104 1200 2151 109.

262 2199 503 2245 Libellum
529 2196 877 2241 Exercitiorum
901 2191 1156 2252 approbari
1180 2203 1205 2233 a
1227 2186 1457 2233 Pontifioe
1479 2191 1631 2231 curat.
1656 2185 1776 2231 lbid.

263 2282 465 2328 Romam
494 2293 543 2324 se
567 2277 770 2323 confert.
798 2276 885 2321 157
911 2282 957 2320 et
979 2288 1078 2332 seq.

265 2363 480 2409 Honores
503 2358 716 2419 fugiendi
743 2360 888 2417 gratia
913 2357 1186 2415 Hispaniam
1211 2355 1401 2411 repetit.
1430 2350 1539 2396 161.

266 2447 505 2507 Hispaniae
528 2450 575 2490 et
597 2444 851 2489 Lusitaniae
873 2441 1233 2487 Commissarius
1255 2435 1533 2495 praeficitur.
1561 2434 1667 2481 188.

269 2530 342 2577 Ex
375 2528 629 2589 Ognatensi
662 2541 848 2572 recessu
885 2525 942 2569 ab
975 2523 1157 2582 Ignatio
1195 2522 1449 2571 excitatuS‚
1488 2519 1762 2578 Hispaniam
1801 2522 2037 2578 percurrit

329 2627 503 2672 magno
527 2612 785 2670 Religionis
807 2608 1152 2653 emolumento.
1172 2601 1263 2647 252
1288 2607 1334 2645 et
1350 2614 1451 2658 seq.

267 2696 565 2755 Paupertatis
587 2692 819 2740 sectandae
842 2691 1074 2736 studium.
1100 2687 1210 2733 248.

267 2778 438 2823 Primae
463 2778 678 2824 Generali
705 2775 1068 2834 Congregationi
1091 2785 1189 2816 non
1213 2773 1426 2815 interest.
1454 2767 1513 2813 ΙΙ.
1540 2769 1588 2814 4.

268 2860 409 2921 Apud
434 2859 655 2905 Carolum
679 2859 715 2905 V
738 2858 1021 2905 Societatem
1044 2854 1273 2900 defendit.
1301 2854 1328 2900 5
1351 2860 1397 2899 et
1414 2867 1514 2911 seq.

269 2944 387 3004 Ejus
413 2945 677 2988 testamenti
703 2948 894 2987 curator
917 2941 1208 3000 designatur.
1235 2936 1312 2983 10.

274 3026 534 3072 Calumniis
557 3026 795 3084 affligitur.
820 3025 878 3068 47
903 3030 950 3068 et
973 3037 1072 3081 seq.

274 3110 475 3156 Romam
496 3114 710 3154 vocatur.
734 3107 814 3152 49.

274 3193 513 3240 Generalis
535 3192 745 3238 Vicarius
770 3189 1056 3249 designatur.
1085 3187 1192 3232 154.

276 3274 515 3322 Generalis
535 3272 820 3333 Praepositus
845 3273 1053 3333 eligitur.
1082 3270 1170 3315 157
1194 3274 1239 3314 et
1261 3282 1361 3326 seq.
