2210 3651
472 283 745 321 ms‘romAE
787 282 1106 321 socm‘rAns
1147 287 1296 325 suso.
1554 264 1665 323 191

277 386 401 442 Non
441 396 551 441 tam
594 384 805 456 libere,
850 405 952 442 nec
991 393 1105 441 tam
1142 396 1329 462 aperte
1370 408 1487 444 rem
1527 387 1670 445 Socii

110 484 380 564 gerebant
409 486 917 564 Constantinopoli,
960 488 1050 544 vix
1080 496 1266 543 tamen
1295 488 1489 544 abibat
1517 489 1670 548 ullus

113 587 318 644 mensis
349 588 466 644 sine
500 587 686 664 aliqua
717 588 919 665 insigni
953 588 1337 661 conversione,
1372 599 1468 646 aut
1489 590 1670 648 Chris-

113 692 390 748 tianorum
454 691 531 756 ad,
584 702 838 769 negatam
900 692 1031 749 olim
1076 691 1247 749 fidem
1308 690 1665 763 catholicam,

108 801 208 848 aut
256 792 575 850 Graecorum
628 794 698 850 ad
753 794 1006 851 Ecclesiae
1050 794 1316 851 Romanae
1360 792 1665 863 unitatem,

106 893 218 949 imo
252 894 416 950 etiam
455 894 973 961 Mahometanorum
1009 894 1081 951 ab
1115 895 1398 971 impietate
1427 893 1500 950 ad
1534 892 1670 952 reli-

105 996 361 1073 gionem3
410 1006 611 1073 praeter
658 996 1041 1072 quotidianam
1087 1015 1309 1072 operam
1359 994 1667 1072 indigeniS,

104 1099 335 1156 advenis
352 1122 369 1170 ,·
419 1097 727 1175 Calogeris,
769 1096 1075 1171 Armaniis,
1121 1108 1176 1155 et
1218 1097 1523 1174 remigibus
1565 1096 1672 1152 da-

108 1209 243 1256 tam.
307 1200 488 1256 Pauca
546 1199 807 1276 quaedam
862 1200 1057 1258 litteris
1105 1199 1261 1258 fuere
1318 1200 1668 1276 consignata,

104 1301 278 1377 idque
328 1302 613 1374 consultO,
667 1304 797 1378 quia
837 1303 1021 1380 loqui,
1073 1303 1282 1361 nedum
1334 1323 1526 1380 agere,
1579 1303 1672 1360 vix

105 1409 290 1458 tutum
327 1402 528 1458 nostris
557 1410 694 1458 erat.
738 1403 816 1460 Ex
845 1423 1038 1461 eorum
1079 1422 1312 1461 numero
1355 1413 1598 1480 quatuor
1639 1423 1671 1461 e

108 1506 293 1563 medio
323 1505 550 1562 sustulit
579 1504 921 1582 pestilentia,
955 1505 1223 1564 familiare
1261 1508 1415 1583 apud
1446 1508 1669 1564 Graecos

102 1617 159 1666 et
195 1608 511 1664 incuratum
549 1606 718 1684 vulgo
752 1605 986 1662 malum.
1028 1606 1134 1664 Alii
1171 1607 1370 1664 morbo
1408 1607 1671 1685 prostrati

99 1708 383 1786 jacebant.
433 1708 497 1764 In
538 1728 648 1784 qua
695 1717 874 1784 strage
918 1707 1220 1766 domestica
1257 1728 1535 1766 summam
1578 1728 1670 1767 ex-

102 1810 245 1887 perti
303 1829 498 1867 sumus
556 1809 785 1866 Patrum
847 1810 1340 1867 Dominicanorum
1395 1821 1450 1867 et
1502 1810 1670 1868 Fran-

103 1911 450 1968 ciscanorum
508 1910 983 1984 benevolentiam,
1044 1912 1254 1988 quibus
1310 1912 1517 1971 debere
1564 1929 1668 1969 nos

104 2013 436 2089 profitemur
465 2012 618 2089 quod
650 2012 1261 2090 Constantinopolitana
1291 2014 1522 2086 domuS,
1554 2033 1671 2070 non

102 2111 389 2185 funditus,
417 2123 481 2170 ut
502 2113 633 2169 olim
659 2133 846 2171 eversa
869 2113 1052 2171 fuerit.
1081 2116 1381 2172 Recreatus
1409 2136 1440 2172 e
1468 2114 1669 2171 morbo

102 2213 166 2270 P.
209 2213 553 2287 Cauillacus,
600 2215 659 2270 in
695 2215 927 2272 Galliam
971 2215 1255 2292 profectus
1303 2226 1386 2274 est
1420 2226 1483 2273 ut
1519 2236 1672 2293 quae-

103 2315 234 2372 dam
299 2317 517 2392 negotia
582 2316 857 2374 missionis
919 2328 1295 2395 componeret.
1369 2319 1572 2376 Jussus
1636 2336 1670 2374 a

100 2418 252 2493 Rege
290 2417 755 2476 Christianissimo
787 2438 940 2477 sacra
968 2420 1277 2479 Palaestinae
1306 2421 1457 2494 loca,
1490 2421 1667 2499 ipsius

99 2527 157 2577 et
206 2520 361 2596 regni
413 2520 581 2577 totius
632 2523 856 2579 nomine
904 2524 1109 2596 visere,
1170 2525 1669 2602 peregrinationem

102 2620 237 2677 illuc
277 2622 545 2696 instituit,
593 2644 704 2700 qua
754 2624 1082 2701 perfunctus
1130 2626 1667 2704 Constantinopolim

103 2742 249 2778 anno
281 2714 503 2782 Mocxiv
538 2726 596 2782 in
630 2724 889 2802 hyemem
925 2737 1183 2803 vergente
1216 2748 1274 2785 se
1308 2728 1519 2786 retulit.

265 2826 542 2882 Diuturna
600 2840 947 2905 compertum
1010 2839 1093 2887 est
1152 2832 1486 2907 experientia
1544 2830 1666 2888 illas

105 2927 522 3001 altercationeS,
561 2951 688 3006 quae
723 2932 793 2989 de
829 2932 1078 2989 doctrina
1113 2933 1256 2990 inter
1290 2934 1529 3010 peritos,
1570 2940 1666 2989 aut

108 3031 179 3087 de
227 3032 489 3109 religione
543 3033 687 3090 inter
736 3034 943 3110 probos
1000 3035 1256 3090 oriuntur
1312 3054 1431 3093 esse
1488 3033 1664 3090 multo

104 3133 578 3193 ceterisacriores
622 3144 677 3192 et
718 3136 1034 3195 vivaciores.
1093 3136 1213 3193 Alia
1259 3137 1469 3213 quippe
1512 3131 1663 3189 bella

104 3236 432 3313 corporibus
470 3237 813 3309 inferuntur,
870 3239 989 3296 haec
1038 3239 1264 3309 animis,
1318 3254 1557 3312 quorum
1607 3241 1664 3290 et

1731 394 1867 437 Missio
1890 395 1996 436 Con-

1706 458 1981 514 stantinopoli.

1773 2844 1830 2884 De
1850 2841 1997 2884 Indicis

1698 2906 1934 2948 ceremoniis

1697 2969 1968 3012 controversia

1698 3034 1950 3090 ingravescit.
