2210 3651
573 292 689 352 166
727 290 734 291 ’
1230 319 1469 360 ΕΡΙΤΟΜΕ

568 414 796 490 utilius,
843 420 994 496 quod
1039 420 1321 498 Principes
1351 423 1590 501 regionis
1629 426 1923 504 utriusque
1965 428 2131 487 obse-

569 519 878 579 cundantes
901 521 1120 579 habuit.
1145 521 1299 580 Idem
1324 526 1656 585 Hommonae
1686 530 1947 607 contigit,
1975 534 2131 608 quod

567 622 840 699 oppidum
870 634 950 683 est
973 625 1282 702 Superioris
1307 628 1608 707 Hungariae
1630 631 1698 688 ad
1723 641 1969 690 montem
2001 634 2132 692 Car·

483 738 485 740 ·
567 732 778 801 patem7
805 731 962 804 cujus
986 730 1247 786 continua
1278 729 1445 807 longo
1478 742 1651 789 tractu
1676 736 1812 810 juga
1840 734 2129 792 Poloniam

568 824 642 885 ab
673 826 957 905 Hungaria
986 829 1277 888 dirimunt.
1305 832 1370 888 ld
1393 833 1666 910 oppidum
1696 845 1812 891 erat
1832 838 1889 892 in
1919 837 2129 894 ditione

568 927 783 985 comitis
809 930 1028 1008 Georgii
1068 932 1340 1009 Dugheti,
1380 936 1477 1012 qui
1520 935 1847 994 Societatem
1881 939 1953 995 ad
1986 938 2129 996 evel-

565 1023 798 1085 lendum
839 1031 1107 1090 doctrinae
1144 1034 1428 1094 deterioris
1459 1036 1655 1094 lolium
1686 1041 1954 1097 evocavit.
1995 1041 2127 1119 Sep-

563 1128 797 1205 tingenti
840 1132 913 1189 ab
963 1133 1349 1194 haereticorum
1401 1140 1657 1216 partibus
1707 1142 1780 1198 ad
1831 1143 2129 1201 catholicas

562 1235 934 1309 transierunt⁷
994 1256 1095 1294 nec
1152 1241 1315 1315 pauci
1373 1260 1404 1297 a
1461 1242 1772 1301 Ruthenico
1833 1244 2129 1302 schismate

562 1333 817 1392 abducti.
844 1337 880 1393 J
884 1348 1121 1395 uventus
1145 1339 1478 1396 Calvinianis
1507 1345 1782 1416 magistris
1811 1345 2090 1402 subducta
2111 1391 2126 1419 7

564 1443 622 1490 et
652 1435 726 1491 ad
756 1453 941 1491 veram
974 1456 1101 1494 cum
1132 1440 1327 1497 litteris
1361 1441 1621 1518 pietatem
1651 1441 1968 1503 informata.
2002 1446 2134 1503 Pro-

564 1533 747 1591 visum
779 1544 842 1591 ut
870 1546 1048 1595 morte
1069 1539 1376 1616 plectendis
1405 1543 1831 1603 denuntiaretur
1859 1551 2131 1608 sententia

568 1634 819 1712 capitalis
848 1638 1029 1713 pridie
1049 1683 1063 1712 ,
1097 1643 1377 1727 autetiam
1403 1643 1581 1702 biduo
1604 1657 1732 1705 ante
1754 1669 1923 1725 quam
1954 1649 2135 1710 fatalis

566 1749 621 1798 et
648 1739 845 1799 ultima
880 1742 998 1801 d'ies
1025 1744 1319 1805 illuxisset.
1353 1747 1702 1826 Experientia
1732 1753 1943 1829 quippe
1974 1772 2134 1810 com-

563 1852 788 1918 pertum
821 1843 1034 1920 fuerat,
1071 1848 1353 1926 plerisque
1383 1860 1622 1909 mentem
1647 1854 1786 1930 eripi
1818 1866 1971 1912 metu
1994 1876 2136 1935 sup-

563 1942 716 2020 plicii
746 1948 1069 2022 praesentis,
1103 1949 1315 2007 nullam
1349 1962 1410 2009 ut
1436 1954 1714 2031 suscipere
1744 1957 2133 2033 cogitationem

564 2047 863 2106 salutarem
912 2062 1140 2127 possent
1187 2075 1200 2110 2
1239 2063 1329 2126 at,
1378 2057 1553 2132 spatio
1594 2057 1951 2135 interpositO‚
1996 2079 2136 2117 con-

564 2150 849 2225 quiescere
890 2161 944 2210 et
988 2153 1167 2211 sedari
1203 2176 1506 2233 parumper
1549 2157 1699 2215 diros
1737 2168 1937 2215 emotae
1967 2180 2131 2217 men-

563 2249 634 2307 tis
690 2260 875 2326 artus,
934 2264 989 2311 et
1050 2255 1237 2312 locum
1295 2259 1614 2316 necessariis
1667 2267 1802 2316 tunc
1858 2262 2131 2337 praesidiis

565 2351 906 2431 relinquere.

286 2474 476 2517 Essendia
727 2454 1109 2514 Essendie’nsis
1139 2460 1457 2516 monasterii
1488 2459 1747 2520 Antistita
1775 2464 1832 2519 in
1866 2463 2132 2541 Principi-

232 2539 529 2647 {zssffnffgbes
564 2554 675 2615 bus
716 2557 940 2633 Imperii
984 2569 1328 2617 numeratur.
1381 2561 1511 2638 Ejus
1563 2564 1883 2621 coenobium
1931 2577 1986 2624 et
2036 2586 2134 2644 op-

233 2667 470 2721 lustrantur.
563 2658 764 2736 pidum
819 2658 1222 2718 deformaverat
1279 2662 1501 2723 haeresis
1556 2665 1902 2740 Lutherana‚
1958 2688 2129 2744 quam

565 2761 758 2837 ejicere
786 2760 1049 2820 laborans
1068 2807 1081 2834 7
1122 2762 1313 2821 Patres
1343 2765 1399 2820 in
1433 2768 1612 2843 operis
1649 2768 1853 2845 egregii
1884 2768 2131 2825 Societa-

563 2872 675 2921 tem
707 2864 959 2923 adscivit.
990 2866 1304 2924 Turbatum
1344 2877 1427 2925 est
1448 2870 1686 2946 graviter
1719 2869 1792 2925 ab
1824 2869 2128 2943 haereticiS,

564 2965 636 3023 de
677 2968 945 3027 Societate
988 2969 1245 3047 pellenda
1297 2972 1766 3049 conspirantibus.
1812 2969 2128 3027 Auctoritas

565 3068 825 3126 antistitae
860 3070 1152 3147 prudentis
1194 3071 1661 3128 tumultuantium
1692 3071 1818 3127 o'dia
1850 3090 2126 3149 compres-

565 3169 668 3244 sit,
707 3170 966 3247 viamque
1001 3172 1191 3228 stravit
1231 3172 1491 3230 Patribus
1534 3172 1605 3228 ad
1649 3172 1946 3231 catholicos
1983 3174 2123 3230 ritus

565 3273 633 3329 in·
668 3272 871 3331 urbem
913 3273 1265 3349 Essendiam,
1310 3285 1364 3333 et
1411 3276 1721 3353 religiosam
1772 3276 2121 3354 disciplinam
