2210 3651
212 712 235 736 '⁵
251 712 384 756 Golos.
407 715 447 757 1.

261 1753 474 1798 Provincia

207 1819 460 1877 Paraguaiae.

539 272 618 331 86
1205 297 1447 337 EPITOME

538 395 752 475 quibus
792 417 922 456 eum
952 409 1280 475 evocarent,
1321 403 1598 476 carmina3
1633 414 1792 463 erant
1822 407 2106 467 tenebrosi

538 517 770 576 specus,
839 501 897 558 in
953 502 1166 579 quibus
1225 506 1346 579 ejus
1411 506 1691 585 colloquio
1748 508 2104 569 fruebantur.

538 598 805 679 Eripuit
838 602 968 661 illos
1005 603 1168 662 Deus
1201 604 1271 662 de
1294 615 1580 683 potestate
1612 611 1998 669 tenebrarum
2006 657 2026 684 ,
2057 621 2114 669 et

539 704 861 761 transtulit
918 709 987 762 in
1040 726 1293 785 refluum
1347 707 1472 784 filii
1524 710 1856 772 dilectionis
1903 734 2028 772 suoe
2084 712 2113 741 *

535 805 789 866 Pristinis
826 808 1112 867 erroribus
1148 810 1491 888 flagitiisque
1529 812 1782 889 liberati,
1824 825 1976 873 tanto
2019 814 2113 872 di-

535 909 680 966 vinae
711 909 848 987 legis
878 912 1065 969 studio
1096 913 1459 987 tenebantur„
1492 925 1556 972 ut
1579 925 1782 976 matres
1805 917 1915 974 alta
1941 937 2115 996 supe-

535 1020 724 1069 rarent
770 1012 1039 1088 flumina,
1085 1015 1336 1092 parvulis
1380 1018 1547 1095 capiti
1588 1017 1863 1096 alligatis,
1914 1029 1980 1077 ut
2021 1037 2117 1077 eos

537 1132 693 1172 sacro
735 1116 1041 1193 expiandos
1076 1116 1231 1175 fonte
1266 1118 1551 1178 Sacerdoti
1584 1122 1870 1181 offerrent.
1910 1123 2114 1200 Magna

535 1216 814 1291 ejusmodi
836 1217 1134 1276 infantium
1160 1223 1316 1299 copia
1339 1242 1646 1299 perennem
1667 1226 1726 1281 in
1750 1225 1889 1283 coelo
1912 1227 2116 1304 adepta

534 1326 620 1374 est
667 1320 869 1393 vitam,
918 1330 1097 1379 morte
1144 1325 1331 1380 statim
1367 1323 1717 1402 baptismum
1762 1339 2060 1386 consecuta
2098 1350 2111 1385 :

533 1437 740 1498 magna
768 1421 934 1479 etiam
970 1441 1200 1497 senum,
1235 1426 1334 1502 qui
1372 1426 1444 1483 ad
1473 1426 1816 1505 longissimae
1844 1431 1973 1487 vitae
2004 1450 2118 1488 me-

535 1529 652 1578 tam
683 1524 964 1600 provecti,
1005 1524 1114 1583 hoc
1143 1547 1321 1586 unum
1360 1529 1699 1588 videbantur
1732 1542 2025 1611 expectare
2053 1542 2120 1592 ut

537 1623 743 1683 lineam
774 1626 1033 1685 ultimam
1062 1629 1296 1689 feliciter
1323 1632 1688 1692 transilirent.

703 1726 1106 1789 Administrata
1175 1731 1358 1791 fuerat
1434 1734 1678 1795 Societas
1740 1737 1800 1793 in
1871 1736 2120 1796 Chilensi

537 1852 741 1911 regn0,
802 1833 1106 1912 Paraguaia
1156 1845 1212 1894 et
1263 1837 1641 1912 Tucumania‚
1697 1859 1729 1896 a
1785 1839 2120 1897 Provinciali

536 1934 735 1994 Peruae
764 1957 778 1993 ε
818 1936 916 1994 sed
959 1956 1091 1993 cum
1131 1938 1254 1996 istae
1288 1947 1401 1997 tres
1431 1938 1704 1999 Americae
1733 1939 2009 2001 Australis
2039 1962 2124 2000 re-

535 2041 730 2119 giones
753 2039 920 2118 longe
942 2040 1207 2101 abessent
1226 2042 1300 2101 ab
1323 2043 1469 2102 urbe
1489 2043 1670 2118 Lima,
1692 2044 1890 2102 Peruae
1913 2046 2118 2123 capite,

533 2165 652 2205 non
679 2154 939 2224 poterant
971 2166 1004 2203 a
1039 2146 1484 2205 Provincialibus
1518 2147 1755 2225 spectari
1785 2147 2117 2221 commode,

536 2255 593 2306 et
620 2246 946 2324 gubernari.
987 2247 1299 2305 Multorum
1341 2249 1724 2325 Hispanorum
1776 2247 1976 2306 litterae
2012 2250 2123 2306 Ro-

535 2369 689 2406 mam
719 2348 1142 2423 deferebantur7
1177 2351 1645 2427 conquerentium
1688 2351 1990 2411 immensas
2019 2352 2122 2410 Pa-

537 2454 783 2532 raguaiae
812 2454 1065 2531 regiones
1101 2473 1133 2510 a
1166 2453 1436 2511 Peruanae
1468 2454 1770 2531 provinciae
1800 2454 2120 2532 Praepositis

537 2557 780 2634 negligi,
838 2565 996 2613 tanto
1043 2556 1301 2614 videlicet
1358 2557 1612 2614 locorum
1661 2556 1957 2614 intervallo
2008 2555 2120 2615 dis·

531 2659 766 2736 junctis.
793 2657 1001 2716 Eorum
1024 2659 1267 2736 querelis
1298 2659 1578 2738 impulsus
1603 2657 1892 2737 Aquaviva
1915 2678 2118 2717 novam

537 2779 570 2818 e
617 2761 952 2838 Paraguaia,
1006 2760 1198 2835 chile,
1261 2771 1316 2820 et
1370 2762 1718 2820 Tucumania
1772 2763 2117 2839 provinciam

539 2862 825 2937 condidit7
863 2863 1021 2923 nullo
1061 2873 1224 2941 pacto
1276 2864 1474 2922 Peruae
1522 2862 1967 2921 provincialibus
2020 2862 2122 2920 ob-

537 2967 798 3041 noxiam7
839 2977 895 3025 et
932 2968 998 3026 P.
1041 2967 1319 3025 Didacum
1362 2968 1594 3025 Torrem
1631 2965 1952 3042 Paraguaiae
1989 2964 2120 3022 Pro-

536 3069 830 3126 vincialem
859 3070 1108 3147 primum
1139 3070 1467 3127 nominavit.

704 3171 826 3229 Hoc
863 3172 1094 3229 demum
1134 3191 1281 3229 anno
1321 3172 1450 3230 finis
1489 3171 1784 3249 impositus
1822 3169 1929 3228 fuit
1967 3168 2116 3227 cele-

541 3273 804 3334 berrimae
835 3273 907 3333 de
939 3272 1174 3334 Auxiliis
1210 3275 1630 3348 controversiae7
1671 3293 1801 3352 quae
1829 3282 1914 3332 tot
1940 3290 2116 3331 annos
