2210 3651
477 263 746 308 msromffi
787 255 1103 297 socierum
1146 253 1295 291 ses-u.
1557 221 1669 281 167

128 375 291 435 valde
314 370 608 447 collapsam
631 366 689 420 in
712 357 1105 418 monasterium
1127 349 1511 410 revocandam.
1537 346 1678 403 Data

130 477 334 557 pariter
371 490 536 551 opera
559 512 573 540 .,
613 474 676 523 ut
702 463 858 541 pagis
892 461 950 515 in
980 456 1187 513 ditione
1225 449 1460 508 coenobii
1488 446 1680 522 positis

132 575 547 656 praeficerentur
575 568 828 625 Pastores
861 560 1025 627 boni,
1056 554 1233 633 pulsis
1268 549 1635 607 mercenariis.

297 671 676 734 Alsolinduam
728 664 884 722 acciti
927 658 1120 717 Gracio
1171 652 1344 729 aliqui
1376 669 1405 706 e
1447 647 1682 717 nostris7

135 779 330 860 populi
367 794 545 833 mores
570 763 893 849 quotidiano
935 781 1062 819 cum
1095 753 1366 814 haereticis
1397 768 1503 806 usu
1532 746 1691 802 vehe-

138 893 354 942 menter
374 878 691 955 inquinatos
714 915 728 942 ,
762 864 1150 926 emendarunt.
1176 855 1307 931 Pagi
1329 846 1695 929 quadraginta

142 983 395 1042 docendo
431 971 881 1045 cohortandoque
920 959 1215 1041 peragrati.
1262 955 1348 1012 Ad
1389 946 1697 1007 faciendam

141 1082 486 1160 Evangelicae
527 1075 791 1133 doctrinae
831 1067 1003 1125 fidem
1032 1061 1340 1140 plurimum
1372 1051 1546 1110 valuit
1574 1066 1703 1103 mu-

103 1261 107 1264 *
146 1185 249 1243 lier
289 1204 321 1240 a
370 1178 638 1238 daemonis
681 1169 1027 1251 possessione
1069 1165 1126 1219 in
1159 1161 1475 1217 libertatem
1523 1148 1709 1208 vindi-

148 1297 292 1345 cata.
353 1285 525 1355 Cujus
575 1278 651 1331 rei
703 1274 848 1345 fama
901 1287 1030 1324 cum
1072 1266 1130 1320 in
1180 1261 1488 1319 Turcarum
1540 1250 1708 1308 urbes

151 1384 510 1467 pervasisset,
552 1371 800 1431 militaris
843 1368 1128 1425 Tribunus
1173 1361 1342 1436 (Agas
1384 1358 1581 1412 Turcae
1622 1368 1713 1406 vo-

154 1485 336 1561 cant)⁷
389 1479 485 1556 qui
540 1485 659 1531 tum
712 1466 1032 1528 Camisiensi
1083 1460 1292 1538 oppido
1342 1450 1712 1533 praesidebat,

159 1582 444 1643 Societatis
485 1572 806 1634 Sacerdotes
867 1586 964 1644 per
1003 1564 1213 1619 litteras
1260 1556 1453 1615 accivit
1502 1573 1512 1607 :
1559 1549 1720 1606 illum

160 1685 318 1744 haud
375 1682 614 1739 obscure
662 1672 842 1730 malus
885 1669 1106 1725 daemon
1149 1658 1415 1728 vexabat,
1469 1661 1523 1710 et
1571 1649 1724 1706 miris

165 1783 510 1865 quibusdam
548 1775 864 1855 ignotisque
894 1766 1106 1825 morbis
1143 1759 1446 1821 cruciabat.
1483 1752 1728 1811 Exorcis-

168 1891 273 1948 mis
312 1889 415 1944 rite
454 1879 719 1940 adhibitis
754 1873 1036 1931 hominem
1076 1864 1286 1923 morbis
1316 1858 1580 1933 omnique
1609 1871 1731 1909 cru-

170 1993 317 2050 ciatu
349 1988 679 2044 liberarunt.
722 1978 844 2053 Egit
890 1975 1140 2047 ingentes
1180 1965 1383 2042 gratias
1419 1983 1430 2016 ;
1465 1965 1690 2034 rogatus
1713 1997 1729 2026 7

173 2104 239 2152 ut
275 2106 583 2149 sermonem
621 2080 811 2139 inferri
847 2077 917 2134 de
947 2071 1255 2131 Christiana
1284 2065 1396 2123 fide
1426 2067 1729 2139 pateretur3

175 2194 417 2272 negavit.
451 2190 538 2245 Sic
564 2182 869 2242 identidem
894 2176 1105 2233 miseris
1136 2166 1468 2227 mortalibus
1494 2157 1736 2218 veritatis

176 2298 371 2354 lumen
410 2286 680 2355 ostendit,
733 2283 845 2358 qui
890 2275 1017 2333 vult
1059 2290 1250 2330 omnes
1303 2265 1484 2323 salvos
1518 2262 1679 2338 fieri,
1712 2257 1738 2285 *
1776 2258 1858 2301 *1-
1886 2254 2057 2297 Time.

182 2407 248 2456 ut
281 2393 420 2451 nihil
449 2391 666 2457 obstet7
701 2381 1000 2460 quominus
1035 2373 1170 2432 salvi
1196 2371 1360 2441 liant,
1389 2367 1432 2425 si
1465 2365 1743 2440 deponere

185 2499 470 2559 cacitatem
500 2512 564 2548 ac
584 2484 941 2566 pertinaciam
971 2476 1165 2535 velint.

353 2596 474 2654 Hoc
518 2591 774 2665 benignae
824 2577 1192 2640 Providentiae
1239 2568 1525 2648 ingenium
1577 2561 1748 2621 eluxit
1788 2619 1796 2628 ,
1861 2548 2051 2624 Εξΰῦΐὸῑθ

195 2701 360 2761 etiam
391 2692 716 2752 mirabiliter
744 2689 803 2744 in
832 2681 898 2741 eo*
930 2680 1085 2758 quod
1117 2675 1438 2752 subjiciam,
1471 2663 1746 2741 exemplo,
1787 2626 2052 2728 ssaffgffiss?

168 2804 262 2861 -Ρ,
309 2797 630 2857 Franciscus
661 2787 849 2866 Zgoda
888 2779 1225 2862 jamdudum
1271 2774 1422 2832 adire
1460 2771 1750 2835 Tartaros⁷

202 2904 317 2962 sive
365 2896 597 2976 Scythas
648 2888 1042 2948 meditabatur.
1104 2882 1312 2937 Omnes
1362 2870 1592 2931 tentanti
1642 2866 1756 2922 vias

205 3001 360 3059 nulla
384 2994 737 3057 succedebat.
766 2986 1029 3063 Contigit,
1057 2991 1120 3039 ut
1143 2994 1375 3054 magnus
1405 2973 1761 3030 Tartarorum

213 3102 457 3160 Chamus
499 3098 601 3176 (sic
642 3096 1031 3170 imperatorem
1073 3101 1236 3141 suum
1274 3071 1581 3154 appellant)
1624 3068 1765 3139 lega-

214 3214 337 3263 tum
384 3221 483 3279 per
532 3218 625 3256 eos
675 3196 792 3252 dies
842 3190 915 3248 ad
963 3186 1207 3245 Poloniae
1256 3198 1440 3256 regem
1493 3171 1764 3235 mitteret,
