2210 3651
493 221 573 280 48
1147 245 1388 285 EPITOME

493 357 618 404 tum
657 346 1119 406 intercluderent.
1167 351 1376 422 Quinto
1413 350 1550 408 Idus
1591 352 1764 410 Maias
1805 352 2069 411 Patribus

493 448 642 506 exilii
685 449 774 507 lex
823 450 1131 527 significata
1171 460 1285 524 esta
1328 460 1383 508 et
1425 452 1597 510 altera
1639 462 1768 531 post
1807 473 2067 514 occasum

493 550 624 609 soliS
673 551 811 608 hora
860 553 1067 629 paratis
1117 551 1391 611 naviculis
1441 553 1724 632 impositi,
1786 566 2070 634 spectante

492 673 556 711 ac
593 663 863 712 moerente
910 674 1038 730 quae
1082 673 1306 711 omnem
1355 655 1632 733 implebat
1674 658 1856 735 ripam
1896 660 2071 716 incre-

493 755 657 814 dibili
688 756 1083 830 multitudine,
1123 758 1268 814 inter
1301 758 1611 816 amicorum
1648 760 2073 837 propiusffadire

493 870 550 919 et
593 860 839 938 colloqui
869 862 1168 918 vetitorum
1203 860 1480 939 lacrymas
1516 862 1902 940 gemitusque.)
1949 862 2076 919 Fer-

491 964 694 1021 rariam
752 962 1149 1022 discesserunt.
1206 961 1295 1020 Ad
1345 964 1610 1021 eumdem
1659 963 1786 1021 vfere
1838 963 2074 1020 modum

492 1085 561 1124 ex
600 1065 721 1123 aliis
760 1065 986 1123 Venetae
1025 1065 1252 1123 ditionis
1297 1066 1543 1124 urbibus
1578 1067 1842 1140 Patavio7
1882 1068 2077 1125 Vicen-

491 1167 598 1241 tia,
625 1169 875 1241 Verona7
913 1169 1027 1224 imo
1064 1188 1132 1225 ex
1161 1169 1282 1245 ipsa
1319 1168 1504 1227 insula
1541 1169 1733 1243 Creta,
1772 1171 2075 1248 migratum

493 1278 576 1327 est
616 1290 628 1324 ε
667 1289 770 1326 nec
800 1271 906 1328 nisi
941 1279 1071 1347 post
1106 1289 1283 1328 annos
1320 1289 1503 1326 unum
1540 1278 1595 1327 et
1629 1272 2072 1350 quinquaginta,
2143 1273 2147 1276 ’

493 1372 769 1447 superatis
805 1371 1038 1428 demum
1077 1371 1379 1430 Alexandri
1417 1373 1517 1431 VII
1555 1392 1726 1451 opera
1760 1376 1925 1434 variis
1961 1375 2082 1433 obi-

494 1472 689 1547 cibus,
735 1472 981 1530 adducta
1021 1493 1109 1532 res
1154 1473 1388 1532 feliciter
1431 1476 1504 1533 ad
1546 1476 1902 1534 concordiam
1944 1477 2074 1535 fuit.

492 1575 724 1632 Interim
778 1595 908 1631 cum
961 1574 1259 1634 dissidium
1303 1578 1450 1635 inter
1494 1578 1794 1636 Summum
1844 1581 2084 1638 Pontifi-

495 1696 614 1734 cem
667 1684 722 1733 et
770 1676 1011 1735 Venetos
1060 1679 1120 1734 in
1170 1680 1558 1757 gravissimam
1617 1683 1790 1740 totius
1840 1681 2080 1761 Europae

493 1777 1010 1856 perturbationem,
1048 1791 1103 1838 et
1135 1780 1420 1858 religionis
1455 1782 1858 1842 detrimentum
1900 1806 2085 1844 erum-

494 1889 687 1957 peret,
752 1880 1122 1939 laborabatur
1185 1883 1258 1940 ab
1323 1885 1577 1963 Regibus
1647 1887 1962 1965 Hispaniae,
2026 1896 2082 1945 et

497 1981 722 2056 Galliae,
771 1985 1082 2062 ceterisque
1124 1985 1299 2043 Italiae
1341 1986 1700 2066 Principibus
1737 1990 1809 2048 de
1849 2010 2086 2069 compo-

497 2081 684 2140 nenda
713 2104 872 2162 pace.
908 2086 1323 2145 Promittebant
1352 2090 1550 2148 Veneti
1580 2110 1638 2149 se
1666 2091 1920 2170 legibus7
1954 2112 2084 2170 quae

500 2204 727 2243 causam
764 2187 996 2245 dissidio
1028 2190 1424 2266 praebuerant,
1471 2213 1587 2249 non
1623 2212 1857 2266 usuros⁷
1904 2194 2087 2251 donec

501 2287 607 2344 ista
650 2287 718 2346 lis
763 2288 948 2348 decisa
1000 2289 1169 2367 plane
1212 2291 1355 2350 foret
1406 2315 1418 2350 :
1467 2294 1699 2352 daturos
1742 2314 1970 2372 operam
2021 2303 2088 2354 ut

501 2389 871 2450 Ecclesiastici
904 2413 969 2450 ac
1000 2393 1243 2470 religiosi
1282 2395 1415 2468 viri7
1457 2397 1556 2473 qui
1581 2395 1807 2455 Venetis
1841 2397 2085 2455 urbibus

502 2498 663 2573 ejecti
698 2497 950 2570 fuerant,
991 2498 1452 2572 restituerentur,
1486 2507 1717 2576 excepta
1758 2509 1947 2556 tamen
1981 2498 2088 2556 So-

505 2598 724 2670 cietate7
764 2619 936 2674 quam
971 2599 1260 2676 negabant
1293 2600 1516 2658 excludi
1557 2601 1843 2658 communi
1876 2601 2090 2658 benefi-

506 2699 589 2755 cio
621 2709 850 2778 propter
879 2720 1103 2759 causam
1140 2704 1340 2759 servati
1371 2702 1690 2776 Interdicti‚
1731 2702 1830 2760 sed
1858 2711 2088 2781 propter

505 2800 640 2859 alias
669 2823 798 2879 quae
832 2802 973 2859 nihil
1017 2803 1089 2859 ad
1133 2804 1504 2863 Interdictum
1537 2805 1918 2883 pertinebant.

671 2904 924 2981 Urgebat
955 2915 1146 2964 contra
1176 2907 1434 2965 Pontifex
1466 2908 1877 2966 restitutionem
1911 2906 2090 2964 Socie-

506 3005 666 3077 tatis⁷
714 3025 899 3082 neque
937 3007 1144 3065 adduci
1196 3019 1415 3087 poterat
1451 3019 1515 3067 ut
1555 3030 1676 3067 eam
1725 3008 2084 3081 destitueret,

507 3128 636 3186 quae
680 3110 866 3165 omnia
902 3112 1089 3187 potius
1125 3112 1380 3170 deserere
1423 3132 1595 3190 quam
1636 3112 1823 3188 ipsum
1868 3109 2089 3166 malue-

508 3220 624 3284 rat,
665 3223 720 3269 et
748 3215 908 3290 cujus
945 3214 1155 3272 crimen
1189 3234 1311 3275 esse
1340 3237 1520 3274 unum
1548 3215 1899 3294 intelligebat
1932 3211 2087 3291 quod
