2210 3651
520 257 600 317 52
1182 270 1418 309 ΕΡῙΤΟΜΕ

511 386 677 460 jussu
718 375 1098 437 Greenwellus
1137 373 1277 431 nihil
1323 374 1660 430 intentatum
1705 370 1931 448 reliquit
1971 388 2086 447 quo

512 486 778 560 juvenem
818 479 1161 537 obstinatum
1204 474 1354 532 flecti
1384 472 1678 550 frangique
1707 490 1870 549 posse
1901 470 2088 527 crede-

519 593 624 641 ret.
660 582 780 640 Hoc
815 600 993 638 unum
1028 576 1345 654 impetravit
1386 583 1450 631 ut
1480 594 1580 651 per
1613 574 1791 629 otium
1815 591 2003 629 secum
2032 577 2089 627 et

521 705 648 743 cum
681 684 795 742 suis
828 680 1184 738 deliberaret.
1229 675 1519 734 Instabam:
1551 675 1633 731 illi
1664 673 1837 730 nihilo
1869 672 2047 731 secius
2070 714 2085 742 7

519 786 839 863 paratisque
888 781 1183 852 omnibus,
1238 778 1386 835 diem
1431 778 1778 835 comitiarum
1822 776 1966 833 anxii
2002 794 2091 831 ex-

521 885 879 964 spectabant,
920 903 1048 939 cum
1089 889 1293 959 praeter
1338 899 1492 957 spem
1541 888 1595 936 et
1646 879 1785 934 mira
1830 875 2090 935 Numinis

518 988 890 1066 providentia,
921 985 1019 1042 illo
1051 986 1173 1062 ipso
1205 983 1295 1040 die
1326 982 1399 1039 ad
1431 983 1677 1059 primum
1700 980 1937 1036 Senatus
1967 996 2094 1034 con-

522 1110 737 1150 sessum
791 1089 1066 1147 destinato
1111 1086 1310 1163 (Nonae
1351 1083 1698 1141 Novembres
1744 1079 1924 1157 erant)
1965 1097 2093 1135 con-

513 1194 721 1269 juratio
772 1188 1233 1269 deprehenditur.
1289 1185 1508 1243 Mature
1558 1182 1811 1239 Londino
1863 1177 2097 1256 digressi

521 1295 796 1372 conjurati
837 1293 1040 1370 partim
1084 1308 1306 1348 evasere
1347 1286 1510 1362 fugag
1553 1282 1811 1339 nonnulli
1850 1298 2098 1357 compre-

518 1393 712 1466 hensi3
779 1393 945 1471 pauci
1006 1392 1215 1448 vicinas
1270 1390 1329 1444 in
1380 1386 1529 1443 aedes
1580 1383 1789 1441 nobilis
1842 1380 2097 1440 catholici

517 1494 801 1552 Hunfredi
843 1493 1129 1551 Littletoni
1165 1511 1223 1549 se
1252 1498 1614 1567 receperunt7
1661 1488 1812 1545 unde
1845 1506 2102 1564 prorum-

520 1614 660 1674 pens
708 1595 768 1650 in
818 1592 1187 1651 circumfusos
1238 1591 1461 1649 aedibus
1510 1589 1717 1647 milites
1769 1587 2095 1660 CatesbiuS,

522 1716 717 1755 eorum
746 1695 871 1754 telis
901 1695 1156 1752 concisus
1186 1704 1288 1752 est.

245 1808 327 1849 PP·
388 1806 487 1849 falso
687 1797 948 1875 Magnam
974 1796 1123 1873 ¹Regi
1159 1795 1487 1874 populoque
1527 1793 1872 1871 voluptatem
1915 1790 2105 1849 attulit
2172 1850 2174 1852 .

188 1877 445 1915 accusantur.
523 1900 782 1977 evulgata
825 1900 1169 1977 conjuratio,
1213 1902 1478 1976 majorem
1517 1900 1683 1976 regiis
1724 1898 2100 1970 administriS‚

526 2004 624 2081 qui
647 2003 838 2060 Patres
859 2000 1085 2059 nefariae
1117 2002 1544 2078 conspirationis
1575 2020 1697 2059 reos
1728 2000 1909 2057 facere
1941 1998 2108 2055 arde-

523 2105 687 2163 bant.
716 2102 796 2161 Ac
815 2104 998 2181 primo
1021 2102 1252 2179 quidem
1277 2104 1587 2180 exprimere
1617 2123 1648 2159 a
1681 2092 1984 2177 conjuratis
2006 2099 2107 2176 qui

524 2205 750 2263 fuerant
793 2203 1182 2281 comprehensi
1215 2223 1408 2260 vocem
1438 2203 1687 2279 aliquam
1718 2202 1899 2257 conati
1939 2208 2102 2272 sunt⁷

527 2328 639 2385 qua
673 2308 776 2363 niti
807 2305 1000 2363 dolosa
1030 2314 1216 2382 posset
1259 2304 1557 2361 accusatio.
1595 2303 1804 2359 Verum
1837 2300 2109 2377 conjurati

527 2408 714 2487 palam
745 2408 815 2465 de
840 2406 1136 2479 omnibus⁷
1162 2415 1218 2462 et
1247 2405 1505 2462 nonnulli
1540 2404 1610 2461 de
1642 2403 1898 2481 singulis7
1933 2403 2109 2459 nomi-

528 2511 705 2566 natim
748 2509 1130 2586 praedicarunt
1173 2507 1325 2584 ipsos
1373 2508 1430 2563 in
1475 2506 1581 2563 hoc
1629 2506 1851 2582 negotio
1891 2515 2109 2582 partem

529 2610 745 2667 nullam
768 2610 998 2667 habere.
1037 2610 1411 2687 Speraverunt
1437 2608 1651 2685 judices
1682 2608 1898 2685 aliquid.
1919 2608 2109 2665 indicii

532 2731 590 2770 se
618 2720 962 2789 reperturos7
1004 2713 1048 2770 si
1072 2711 1137 2768 P.
1173 2711 1479 2768 Henricum
1505 2710 1811 2767 Garnetum
1835 2709 2109 2766 haberent

530 2815 588 2870 in
617 2822 919 2891 potestate,
956 2832 1069 2890 quo
1100 2832 1213 2870 uno
1245 2811 1514 2870 catholica
1543 2831 1631 2869 res
1661 2813 1718 2868 in
1741 2811 1941 2887 Anglia
1964 2820 2108 2867 stare

531 2913 852 2972 videbatur.
898 2916 1210 2972 Diverterat
1250 2935 1377 2972 cum
1413 2914 1477 2971 P.
1527 2912 1788 2971 Eduardo
1826 2912 2110 2969 Oldcorno

531 3018 589 3073 in
620 3017 770 3075 aedes
804 3019 908 3074 viri
954 3018 1158 3076 nobilis
1195 3018 1268 3075 ad
1310 3018 1535 3074 tertium
1568 3017 1641 3073 ab
1676 3016 1817 3073 urbe
1848 3014 2111 3091 Vigornia

531 3119 800 3197 lapidem.
842 3120 947 3176 Hic
970 3120 1140 3176 ambo
1171 3119 1379 3197 proditi
1404 3140 1434 3176 a
1465 3117 1681 3195 perfido
1713 3096 2020 3187 catholico*⁷
2053 3122 2110 3171 et

527 3224 678 3302 capti
716 3223 1035 3281 Londinum
1076 3222 1393 3281 trahuntur.
1432 3222 1707 3279 Garnetus
1742 3200 1826 3278 ter
1857 3228 1913 3278 et
1942 3217 2107 3277 vicies
