2210 3651
182 1630 276 1660 cum
318 1616 481 1659 doctore

183 1681 397 1736 haeretico,
433 1683 482 1724 de

182 1737 381 1801 religione
403 1748 484 1791 dis-

184 1818 325 1868 putat,

521 254 640 313 134
1176 275 1418 313 EPITOME

516 377 778 457 gerendae
811 376 1134 437 facultatem
1168 389 1251 437 est
1285 390 1483 440 nactus
1527 391 1618 456 ut,
1662 384 1920 460 quamvis
1953 403 2086 442 eva-

518 480 690 539 dendi
725 490 969 559 potestas
1003 491 1176 555 esset,
1216 481 1365 539 ultro
1394 484 1754 542 nihilominus
1788 486 2087 562 per‘trien-

516 585 678 641 nium
716 584 775 641 in
809 585 1043 643 vinculis
1080 585 1371 660 restiterit,
1416 589 1610 666 ibique
1652 598 1877 647 centum
1918 589 2088 665 quin-

518 686 786 763 quaginta
848 687 1148 765 populares
1200 707 1330 747 suos
1382 689 1639 748 Ecclesiae
1699 693 2086 765 redonaverit,

515 799 721 868 praeter
747 789 1215 847 innumerabilem
1241 791 1642 849 catholicorum
1666 793 1889 850 turbam
1915 793 2089 851 solitis

515 893 791 970 praesidiis
844 893 1254 950 confirmatam.
1313 893 1377 950 In
1420 913 1533 972 quo
1575 914 1634 952 se
1686 895 1765 951 ita
1822 894 2087 973 gerebat,

514 995 727 1052 nemini
769 1003 832 1052 ut
885 995 1050 1053 valde
1101 1006 1429 1074 suspectus,
1484 997 1864 1073 omnibusque
1927 1015 2089 1054 carus

516 1105 682 1155 esset.
718 1096 783 1154 In
809 1096 992 1154 lucem
1024 1117 1090 1155 ex
1119 1098 1238 1156 istis
1270 1098 1535 1176 ergastuli
1573 1099 1818 1157 tenebris
1849 1098 2089 1176 produc-

515 1207 609 1257 tus
644 1208 728 1257 est
766 1219 867 1277 per
908 1219 1031 1256 eam
1075 1201 1418 1258 occasionem
1455 1223 1466 1257 :
1502 1202 1740 1259 Venerat
1769 1200 2094 1258 Londinum

518 1301 748 1373 doctor,
795 1302 853 1356 in
897 1301 1110 1358 Calvini
1152 1301 1342 1360 schola
1397 1302 1558 1359 facile
1605 1305 1887 1380 princeps.
1941 1304 2095 1360 Dum

518 1403 720 1480 quaerit
766 1401 985 1460 hostem
1035 1405 1267 1480 quicum
1319 1404 1593 1462 conferret
1642 1424 1844 1463 manus
1893 1405 2093 1464 avidus

515 1522 727 1582 pugnae
760 1512 817 1560 et
850 1504 1127 1579 victoriae,
1161 1506 1320 1562 audit
1342 1507 1613 1564 Jesuitam
1635 1508 1813 1565 teneri
1842 1508 2094 1565 vinctum

518 1606 592 1664 ad
631 1607 814 1685 ripam
857 1607 1126 1666 Tamesis.
1182 1608 1398 1685 Placuit
1439 1609 1788 1667 adversarius
1836 1630 1848 1665 z
1894 1628 2094 1666 aceen-

519 1711 736 1770 duntur
767 1706 1162 1768 haereticorum
1193 1711 1512 1788 pariterque
1536 1709 1937 1767 catholicorum
1968 1718 2095 1767 stu-

517 1815 631 1873 dia.
661 1815 772 1871 Res
802 1811 1051 1870 defertur
1081 1813 1152 1869 ad
1183 1813 1414 1889 Regem.
1457 1811 1558 1868 Ille
1586 1830 1717 1868 vero
1746 1829 1891 1867 novo
1920 1810 2091 1867 modo

517 1938 578 1978 se
605 1917 883 1976 arbitrum
913 1916 1228 1973 certaminis
1258 1914 1441 1972 libens
1473 1912 1665 1987 offert,
1698 1932 1895 1970 verum
1925 1913 2095 1970 etiam

517 2020 733 2080 socium
764 2040 776 2074 :
802 2037 866 2075 ac
890 2017 1139 2095 profecto
1168 2037 1376 2096 pugnae
1405 2035 1535 2094 pars
1564 2016 1745 2093 prima
1768 2024 1824 2073 et
1853 2016 2095 2073 maxima

514 2120 646 2179 fuit.
709 2120 1074 2177 Descendunt
1121 2121 1179 2177 in
1225 2139 1451 2177 arenam
1509 2117 1640 2175 hinc
1691 2117 1756 2174 P.
1820 2117 2097 2195 Perceyus

514 2222 756 2303 pulchro
779 2222 1086 2280 multorum
1111 2221 1521 2299 ergastulorum
1547 2219 1779 2297 pulvere
1804 2217 2090 2292 sordidUS,

516 2325 652 2384 inde
681 2324 982 2384 Calvinista
1021 2324 1326 2402 politulus,
1366 2333 1421 2382 et
1457 2323 1531 2380 ad
1561 2333 1810 2401 unguem
1853 2320 2035 2379 factus
2076 2341 2089 2377 :

518 2427 705 2486 adstat
770 2426 970 2485 selecta
1030 2426 1324 2500 nobilitas,
1391 2446 1597 2504 pugnae
1657 2426 1844 2500 testis,
1912 2425 2097 2503 deque

520 2530 674 2587 exitu
698 2548 1056 2606 summopere
1087 2528 1344 2586 sollicita.

680 2628 894 2686 Aderat
949 2631 1008 2686 in
1061 2630 1405 2708 amplissimo
1475 2648 1738 2688 consessu
1803 2629 2098 2689 Comitissa

523 2730 945 2810 Buckingamia.
987 2733 1123 2790 Haec
1167 2733 1539 2810 trepidantem
1585 2732 1977 2804 Calvinistam,
2021 2731 2099 2788 la-

522 2833 757 2891 bantem
775 2878 789 2907 ,
822 2855 886 2892 ac
915 2835 1065 2893 foede
1101 2835 1385 2893 interdum
1415 2844 1766 2893 corruentem
1795 2835 2091 2911 aspicienS,

527 2938 784 3013 quamvis
826 2957 954 2995 eum
985 2934 1134 3011 Rex,
1180 2938 1377 2995 acriter
1420 2937 1720 3010 dimicans,
1765 2937 2094 3010 sustineret,

526 3035 674 3094 male
704 3035 904 3093 fultam
939 3038 1152 3096 Calvini
1196 3038 1505 3096 doctrinam
1541 3039 1840 3105 detestata,
1879 3038 2098 3095 transiit

529 3138 603 3196 ad
655 3138 1052 3197 catholicorum
1094 3150 1309 3218 partes,
1363 3161 1563 3219 magna
1611 3141 1862 3197 omnium
1911 3138 2098 3195 admi-

530 3240 765 3301 ratione.
791 3241 1003 3316 FusuS,
1028 3241 1369 3321 fugatusque
1389 3241 1602 3302 Calvini
1625 3239 1881 3320 signifer,
1926 3239 2096 3296 dimi-
