<?xml version="1.0" encoding="UTF-8"?>
<!DOCTYPE html PUBLIC "-//W3C//DTD XHTML 1.0 Transitional//EN"
    "http://www.w3.org/TR/xhtml1/DTD/xhtml1-transitional.dtd">
<html xmlns="http://www.w3.org/1999/xhtml" xml:lang="en" lang="en">
 <head>
  <title>
</title>
<meta http-equiv="Content-Type" content="text/html;charset=utf-8" />
  <meta name='ocr-system' content='tesseract 3.04.00' />
  <meta name='ocr-capabilities' content='ocr_page ocr_carea ocr_par ocr_line ocrx_word'/>
</head>
<body>
  <div class='ocr_page' id='page_1' title='image "./epitomehistoriso04jouv_0139.png"; bbox 0 0 2210 3651; ppageno 0'>
   <div class='ocr_carea' id='block_1_1' title="bbox 532 267 1728 328">
    <p class='ocr_par' dir='ltr' id='par_1_1' title="bbox 532 267 1728 328">
     <span class='ocr_line' id='line_1_1' title="bbox 532 267 1728 328; baseline 0.002 -4"><span class='ocrx_word' id='word_1_1' title='bbox 532 286 805 324; x_wconf 77' lang='lat' dir='ltr'>msTomAE</span> <span class='ocrx_word' id='word_1_2' title='bbox 848 283 1168 322; x_wconf 64' lang='lat' dir='ltr'>somni-Aris</span> <span class='ocrx_word' id='word_1_3' title='bbox 1211 288 1360 326; x_wconf 86' lang='lat' dir='ltr'>JESU.</span> <span class='ocrx_word' id='word_1_4' title='bbox 1615 267 1728 328; x_wconf 83' lang='lat'>131</span> 
     </span>
    </p>
   </div>
   <div class='ocr_carea' id='block_1_2' title="bbox 161 385 1759 3308">
    <p class='ocr_par' dir='ltr' id='par_1_2' title="bbox 161 385 1753 2188">
     <span class='ocr_line' id='line_1_2' title="bbox 172 385 1737 467; baseline -0.002 -18"><span class='ocrx_word' id='word_1_5' title='bbox 172 391 372 450; x_wconf 87' lang='lat' dir='ltr'>sentire</span> <span class='ocrx_word' id='word_1_6' title='bbox 391 434 405 463; x_wconf 93' lang='lat'>,</span> <span class='ocrx_word' id='word_1_7' title='bbox 440 388 724 467; x_wconf 89' lang='lat' dir='ltr'>plerisque</span> <span class='ocrx_word' id='word_1_8' title='bbox 752 387 810 443; x_wconf 92' lang='lat' dir='ltr'>in</span> <span class='ocrx_word' id='word_1_9' title='bbox 833 385 1029 458; x_wconf 89' lang='lat' dir='ltr'>rebus,</span> <span class='ocrx_word' id='word_1_10' title='bbox 1061 385 1219 444; x_wconf 86' lang='lat' dir='ltr'>aliter</span> <span class='ocrx_word' id='word_1_11' title='bbox 1248 387 1436 447; x_wconf 87' lang='lat' dir='ltr'>Gallos</span> <span class='ocrx_word' id='word_1_12' title='bbox 1466 389 1737 448; x_wconf 82' lang='lat' dir='ltr'>Italosve?</span> 
     </span>
     <span class='ocr_line' id='line_1_3' title="bbox 168 487 1732 566; baseline 0 -18"><span class='ocrx_word' id='word_1_13' title='bbox 168 493 280 548; x_wconf 91' lang='lat' dir='ltr'>imo</span> <span class='ocrx_word' id='word_1_14' title='bbox 325 489 611 548; x_wconf 88' lang='lat' dir='ltr'>nonnullis</span> <span class='ocrx_word' id='word_1_15' title='bbox 653 489 827 546; x_wconf 90' lang='lat' dir='ltr'>videri</span> <span class='ocrx_word' id='word_1_16' title='bbox 873 487 1131 565; x_wconf 82' lang='lat' dir='ltr'>quaedam</span> <span class='ocrx_word' id='word_1_17' title='bbox 1168 507 1282 544; x_wconf 93' lang='lat' dir='ltr'>non</span> <span class='ocrx_word' id='word_1_18' title='bbox 1323 489 1732 566; x_wconf 90' lang='lat' dir='ltr'>improbanda,</span> 
     </span>
     <span class='ocr_line' id='line_1_4' title="bbox 167 589 1737 668; baseline 0.001 -20"><span class='ocrx_word' id='word_1_19' title='bbox 167 612 297 668; x_wconf 85' lang='lat' dir='ltr'>quae</span> <span class='ocrx_word' id='word_1_20' title='bbox 341 592 460 650; x_wconf 88' lang='lat' dir='ltr'>aliis</span> <span class='ocrx_word' id='word_1_21' title='bbox 504 589 860 648; x_wconf 83' lang='lat' dir='ltr'>cautionibus</span> <span class='ocrx_word' id='word_1_22' title='bbox 901 609 1002 667; x_wconf 88' lang='lat' dir='ltr'>pro</span> <span class='ocrx_word' id='word_1_23' title='bbox 1053 590 1265 646; x_wconf 88' lang='lat' dir='ltr'>ratione</span> <span class='ocrx_word' id='word_1_24' title='bbox 1314 599 1630 666; x_wconf 86' lang='lat' dir='ltr'>temporum</span> <span class='ocrx_word' id='word_1_25' title='bbox 1672 611 1737 649; x_wconf 87' lang='lat' dir='ltr'>ac</span> 
     </span>
     <span class='ocr_line' id='line_1_5' title="bbox 169 690 1737 769; baseline -0.001 -19"><span class='ocrx_word' id='word_1_26' title='bbox 169 692 420 750; x_wconf 89' lang='lat' dir='ltr'>locorum</span> <span class='ocrx_word' id='word_1_27' title='bbox 456 693 652 750; x_wconf 89' lang='lat' dir='ltr'>merito</span> <span class='ocrx_word' id='word_1_28' title='bbox 686 691 1039 769; x_wconf 88' lang='lat' dir='ltr'>reprobanda</span> <span class='ocrx_word' id='word_1_29' title='bbox 1077 690 1444 748; x_wconf 76' lang='lat' dir='ltr'>censeantur?</span> <span class='ocrx_word' id='word_1_30' title='bbox 1483 691 1563 747; x_wconf 92' lang='lat' dir='ltr'>Ita</span> <span class='ocrx_word' id='word_1_31' title='bbox 1593 691 1737 751; x_wconf 91' lang='lat' dir='ltr'>liber</span> 
     </span>
     <span class='ocr_line' id='line_1_6' title="bbox 169 791 1738 868; baseline 0.001 -17"><span class='ocrx_word' id='word_1_32' title='bbox 169 794 468 868; x_wconf 83' lang='lat' dir='ltr'>Marianae,</span> <span class='ocrx_word' id='word_1_33' title='bbox 505 815 535 851; x_wconf 91' lang='lat' dir='ltr'>a</span> <span class='ocrx_word' id='word_1_34' title='bbox 568 794 794 851; x_wconf 90' lang='lat' dir='ltr'>duobus</span> <span class='ocrx_word' id='word_1_35' title='bbox 826 793 1078 850; x_wconf 83' lang='lat' dir='ltr'>tribusve</span> <span class='ocrx_word' id='word_1_36' title='bbox 1101 791 1387 850; x_wconf 87' lang='lat' dir='ltr'>Societatis</span> <span class='ocrx_word' id='word_1_37' title='bbox 1411 792 1738 852; x_wconf 86' lang='lat' dir='ltr'>doctoribus</span> 
     </span>
     <span class='ocr_line' id='line_1_7' title="bbox 171 895 1740 974; baseline -0.001 -22"><span class='ocrx_word' id='word_1_38' title='bbox 171 896 433 974; x_wconf 88' lang='lat' dir='ltr'>Hispanis</span> <span class='ocrx_word' id='word_1_39' title='bbox 468 896 812 973; x_wconf 89' lang='lat' dir='ltr'>approbatus</span> <span class='ocrx_word' id='word_1_40' title='bbox 850 896 1083 967; x_wconf 84' lang='lat' dir='ltr'>exierat,</span> <span class='ocrx_word' id='word_1_41' title='bbox 1118 916 1181 952; x_wconf 90' lang='lat' dir='ltr'>ac</span> <span class='ocrx_word' id='word_1_42' title='bbox 1219 896 1263 953; x_wconf 92' lang='lat' dir='ltr'>si</span> <span class='ocrx_word' id='word_1_43' title='bbox 1297 895 1424 972; x_wconf 89' lang='lat' dir='ltr'>quis</span> <span class='ocrx_word' id='word_1_44' title='bbox 1453 915 1521 952; x_wconf 85' lang='lat' dir='ltr'>ex</span> <span class='ocrx_word' id='word_1_45' title='bbox 1543 914 1740 952; x_wconf 91' lang='lat' dir='ltr'>eorum</span> 
     </span>
     <span class='ocr_line' id='line_1_8' title="bbox 161 996 1742 1076; baseline -0.001 -20"><span class='ocrx_word' id='word_1_46' title='bbox 161 1000 377 1076; x_wconf 90' lang='lat' dir='ltr'>judicio</span> <span class='ocrx_word' id='word_1_47' title='bbox 409 1000 482 1056; x_wconf 93' lang='lat' dir='ltr'>de</span> <span class='ocrx_word' id='word_1_48' title='bbox 524 999 794 1054; x_wconf 83' lang='lat' dir='ltr'>Societate</span> <span class='ocrx_word' id='word_1_49' title='bbox 830 1006 942 1053; x_wconf 86' lang='lat' dir='ltr'>tota</span> <span class='ocrx_word' id='word_1_50' title='bbox 974 997 1273 1054; x_wconf 88' lang='lat' dir='ltr'>existimari</span> <span class='ocrx_word' id='word_1_51' title='bbox 1304 996 1441 1055; x_wconf 86' lang='lat' dir='ltr'>velit</span> <span class='ocrx_word' id='word_1_52' title='bbox 1463 1041 1477 1069; x_wconf 94' lang='lat'>,</span> <span class='ocrx_word' id='word_1_53' title='bbox 1511 997 1742 1073; x_wconf 85' lang='lat' dir='ltr'>iniquus</span> 
     </span>
     <span class='ocr_line' id='line_1_9' title="bbox 172 1096 1742 1176; baseline -0.004 -18"><span class='ocrx_word' id='word_1_54' title='bbox 172 1100 262 1158; x_wconf 90' lang='lat' dir='ltr'>sit.</span> <span class='ocrx_word' id='word_1_55' title='bbox 298 1100 440 1157; x_wconf 89' lang='lat' dir='ltr'>Sane</span> <span class='ocrx_word' id='word_1_56' title='bbox 463 1120 589 1157; x_wconf 89' lang='lat' dir='ltr'>cum</span> <span class='ocrx_word' id='word_1_57' title='bbox 622 1099 885 1175; x_wconf 78' lang='lat' dir='ltr'>vulgatur</span> <span class='ocrx_word' id='word_1_58' title='bbox 907 1097 1116 1176; x_wconf 89' lang='lat' dir='ltr'>aliquid</span> <span class='ocrx_word' id='word_1_59' title='bbox 1143 1096 1417 1175; x_wconf 88' lang='lat' dir='ltr'>ejusmodi</span> <span class='ocrx_word' id='word_1_60' title='bbox 1448 1096 1520 1154; x_wconf 92' lang='lat' dir='ltr'>ab</span> <span class='ocrx_word' id='word_1_61' title='bbox 1551 1096 1742 1173; x_wconf 89' lang='lat' dir='ltr'>aliquo</span> 
     </span>
     <span class='ocr_line' id='line_1_10' title="bbox 169 1197 1742 1278; baseline -0.001 -21"><span class='ocrx_word' id='word_1_62' title='bbox 169 1200 441 1278; x_wconf 77' lang='lat' dir='ltr'>religiosae</span> <span class='ocrx_word' id='word_1_63' title='bbox 477 1199 701 1257; x_wconf 73' lang='lat' dir='ltr'>familiae</span> <span class='ocrx_word' id='word_1_64' title='bbox 738 1201 1034 1277; x_wconf 70' lang='lat' dir='ltr'>scriptore,</span> <span class='ocrx_word' id='word_1_65' title='bbox 1080 1220 1183 1257; x_wconf 91' lang='lat' dir='ltr'>nec</span> <span class='ocrx_word' id='word_1_66' title='bbox 1220 1198 1485 1256; x_wconf 88' lang='lat' dir='ltr'>reclamat</span> <span class='ocrx_word' id='word_1_67' title='bbox 1514 1197 1742 1256; x_wconf 88' lang='lat' dir='ltr'>Ordinis</span> 
     </span>
     <span class='ocr_line' id='line_1_11' title="bbox 172 1301 1742 1378; baseline -0.003 -20"><span class='ocrx_word' id='word_1_68' title='bbox 172 1302 512 1375; x_wconf 86' lang='lat' dir='ltr'>moderator,</span> <span class='ocrx_word' id='word_1_69' title='bbox 544 1321 646 1359; x_wconf 92' lang='lat' dir='ltr'>nec</span> <span class='ocrx_word' id='word_1_70' title='bbox 672 1301 903 1378; x_wconf 90' lang='lat' dir='ltr'>publico</span> <span class='ocrx_word' id='word_1_71' title='bbox 934 1311 988 1358; x_wconf 92' lang='lat' dir='ltr'>et</span> <span class='ocrx_word' id='word_1_72' title='bbox 1010 1301 1158 1378; x_wconf 79' lang='lat' dir='ltr'>gravi</span> <span class='ocrx_word' id='word_1_73' title='bbox 1186 1307 1551 1357; x_wconf 88' lang='lat' dir='ltr'>monumento</span> <span class='ocrx_word' id='word_1_74' title='bbox 1580 1317 1742 1356; x_wconf 92' lang='lat' dir='ltr'>suam</span> 
     </span>
     <span class='ocr_line' id='line_1_12' title="bbox 170 1399 1743 1470; baseline -0.004 -8"><span class='ocrx_word' id='word_1_75' title='bbox 170 1414 227 1462; x_wconf 84' lang='lat' dir='ltr'>et</span> <span class='ocrx_word' id='word_1_76' title='bbox 276 1425 505 1462; x_wconf 91' lang='lat' dir='ltr'>suorum</span> <span class='ocrx_word' id='word_1_77' title='bbox 547 1413 791 1461; x_wconf 89' lang='lat' dir='ltr'>mentem</span> <span class='ocrx_word' id='word_1_78' title='bbox 839 1423 904 1459; x_wconf 90' lang='lat' dir='ltr'>ac</span> <span class='ocrx_word' id='word_1_79' title='bbox 948 1402 1279 1459; x_wconf 82' lang='lat' dir='ltr'>sententiam</span> <span class='ocrx_word' id='word_1_80' title='bbox 1312 1399 1591 1470; x_wconf 79' lang='lat' dir='ltr'>declarat3</span> <span class='ocrx_word' id='word_1_81' title='bbox 1637 1417 1743 1456; x_wconf 86' lang='lat' dir='ltr'>nec</span> 
     </span>
     <span class='ocr_line' id='line_1_13' title="bbox 173 1500 1746 1581; baseline -0.002 -20"><span class='ocrx_word' id='word_1_82' title='bbox 173 1506 366 1562; x_wconf 85' lang='lat' dir='ltr'>merita</span> <span class='ocrx_word' id='word_1_83' title='bbox 403 1505 693 1563; x_wconf 85' lang='lat' dir='ltr'>severitate</span> <span class='ocrx_word' id='word_1_84' title='bbox 730 1505 929 1581; x_wconf 84' lang='lat' dir='ltr'>privati</span> <span class='ocrx_word' id='word_1_85' title='bbox 970 1503 1212 1560; x_wconf 89' lang='lat' dir='ltr'>hominis</span> <span class='ocrx_word' id='word_1_86' title='bbox 1248 1502 1520 1558; x_wconf 89' lang='lat' dir='ltr'>incuriam</span> <span class='ocrx_word' id='word_1_87' title='bbox 1549 1500 1638 1558; x_wconf 87' lang='lat' dir='ltr'>vel</span> <span class='ocrx_word' id='word_1_88' title='bbox 1667 1510 1746 1558; x_wconf 86' lang='lat' dir='ltr'>te-</span> 
     </span>
     <span class='ocr_line' id='line_1_14' title="bbox 173 1601 1747 1680; baseline -0.001 -19"><span class='ocrx_word' id='word_1_89' title='bbox 173 1606 484 1663; x_wconf 88' lang='lat' dir='ltr'>meritatem</span> <span class='ocrx_word' id='word_1_90' title='bbox 521 1607 770 1663; x_wconf 74' lang='lat' dir='ltr'>coercet:</span> <span class='ocrx_word' id='word_1_91' title='bbox 813 1623 1036 1662; x_wconf 90' lang='lat' dir='ltr'>censere</span> <span class='ocrx_word' id='word_1_92' title='bbox 1075 1613 1195 1659; x_wconf 89' lang='lat' dir='ltr'>tum</span> <span class='ocrx_word' id='word_1_93' title='bbox 1237 1603 1416 1680; x_wconf 88' lang='lat' dir='ltr'>possis</span> <span class='ocrx_word' id='word_1_94' title='bbox 1452 1601 1597 1658; x_wconf 88' lang='lat' dir='ltr'>hanc</span> <span class='ocrx_word' id='word_1_95' title='bbox 1626 1620 1747 1659; x_wconf 88' lang='lat' dir='ltr'>esse</span> 
     </span>
     <span class='ocr_line' id='line_1_15' title="bbox 173 1703 1747 1783; baseline -0.001 -22"><span class='ocrx_word' id='word_1_96' title='bbox 173 1725 528 1763; x_wconf 90' lang='lat' dir='ltr'>communem</span> <span class='ocrx_word' id='word_1_97' title='bbox 593 1707 764 1764; x_wconf 87' lang='lat' dir='ltr'>totius</span> <span class='ocrx_word' id='word_1_98' title='bbox 850 1706 1096 1783; x_wconf 88' lang='lat' dir='ltr'>corporis</span> <span class='ocrx_word' id='word_1_99' title='bbox 1168 1704 1522 1762; x_wconf 77' lang='lat' dir='ltr'>doctrinam?</span> <span class='ocrx_word' id='word_1_100' title='bbox 1583 1703 1747 1760; x_wconf 85' lang='lat' dir='ltr'>Edito</span> 
     </span>
     <span class='ocr_line' id='line_1_16' title="bbox 173 1804 1750 1880; baseline 0 -17"><span class='ocrx_word' id='word_1_101' title='bbox 173 1805 239 1863; x_wconf 91' lang='lat' dir='ltr'>P.</span> <span class='ocrx_word' id='word_1_102' title='bbox 291 1806 554 1864; x_wconf 83' lang='lat' dir='ltr'>Marianae</span> <span class='ocrx_word' id='word_1_103' title='bbox 610 1806 788 1880; x_wconf 87' lang='lat' dir='ltr'>libro,</span> <span class='ocrx_word' id='word_1_104' title='bbox 845 1808 1030 1864; x_wconf 87' lang='lat' dir='ltr'>statim</span> <span class='ocrx_word' id='word_1_105' title='bbox 1092 1806 1413 1864; x_wconf 87' lang='lat' dir='ltr'>reclamavit</span> <span class='ocrx_word' id='word_1_106' title='bbox 1463 1804 1750 1863; x_wconf 85' lang='lat' dir='ltr'>Societatis</span> 
     </span>
     <span class='ocr_line' id='line_1_17' title="bbox 176 1907 1752 1985; baseline 0.001 -21"><span class='ocrx_word' id='word_1_107' title='bbox 176 1908 517 1982; x_wconf 71' lang='lat' dir='ltr'>moderator,</span> <span class='ocrx_word' id='word_1_108' title='bbox 584 1907 763 1965; x_wconf 90' lang='lat' dir='ltr'>edidit</span> <span class='ocrx_word' id='word_1_109' title='bbox 818 1908 1113 1985; x_wconf 88' lang='lat' dir='ltr'>publicum</span> <span class='ocrx_word' id='word_1_110' title='bbox 1171 1908 1490 1980; x_wconf 90' lang='lat' dir='ltr'>decretum,</span> <span class='ocrx_word' id='word_1_111' title='bbox 1554 1925 1752 1985; x_wconf 86' lang='lat' dir='ltr'>poenas</span> 
     </span>
     <span class='ocr_line' id='line_1_18' title="bbox 177 2009 1753 2088; baseline 0.003 -24"><span class='ocrx_word' id='word_1_112' title='bbox 177 2027 371 2085; x_wconf 80' lang='lat' dir='ltr'>graves</span> <span class='ocrx_word' id='word_1_113' title='bbox 406 2010 708 2087; x_wconf 85' lang='lat' dir='ltr'>imposuit,</span> <span class='ocrx_word' id='word_1_114' title='bbox 750 2010 1036 2087; x_wconf 86' lang='lat' dir='ltr'>prospexit</span> <span class='ocrx_word' id='word_1_115' title='bbox 1078 2010 1137 2066; x_wconf 91' lang='lat' dir='ltr'>in</span> <span class='ocrx_word' id='word_1_116' title='bbox 1175 2009 1463 2082; x_wconf 88' lang='lat' dir='ltr'>futurum,</span> <span class='ocrx_word' id='word_1_117' title='bbox 1501 2031 1572 2068; x_wconf 91' lang='lat' dir='ltr'>ne</span> <span class='ocrx_word' id='word_1_118' title='bbox 1611 2011 1753 2088; x_wconf 90' lang='lat' dir='ltr'>quid</span> 
     </span>
     <span class='ocr_line' id='line_1_19' title="bbox 181 2111 870 2188; baseline 0.001 -21"><span class='ocrx_word' id='word_1_119' title='bbox 181 2113 300 2187; x_wconf 89' lang='lat' dir='ltr'>ejus</span> <span class='ocrx_word' id='word_1_120' title='bbox 330 2112 547 2188; x_wconf 78' lang='lat' dir='ltr'>generis</span> <span class='ocrx_word' id='word_1_121' title='bbox 577 2111 870 2169; x_wconf 85' lang='lat' dir='ltr'>accideret.</span> 
     </span>
    </p>

    <p class='ocr_par' dir='ltr' id='par_1_3' title="bbox 184 2212 1759 3308">
     <span class='ocr_line' id='line_1_20' title="bbox 343 2212 1754 2272; baseline 0.001 -3"><span class='ocrx_word' id='word_1_122' title='bbox 343 2212 446 2270; x_wconf 92' lang='lat' dir='ltr'>His</span> <span class='ocrx_word' id='word_1_123' title='bbox 474 2212 874 2270; x_wconf 77' lang='lat' dir='ltr'>animadversis</span> <span class='ocrx_word' id='word_1_124' title='bbox 902 2233 1000 2270; x_wconf 82' lang='lat' dir='ltr'>rex</span> <span class='ocrx_word' id='word_1_125' title='bbox 1034 2212 1352 2272; x_wconf 88' lang='lat' dir='ltr'>Ludovicus</span> <span class='ocrx_word' id='word_1_126' title='bbox 1373 2212 1505 2270; x_wconf 89' lang='lat' dir='ltr'>XIII</span> <span class='ocrx_word' id='word_1_127' title='bbox 1534 2212 1606 2271; x_wconf 91' lang='lat' dir='ltr'>de</span> <span class='ocrx_word' id='word_1_128' title='bbox 1633 2231 1754 2271; x_wconf 89' lang='lat' dir='ltr'>sen-</span> 
     </span>
     <span class='ocr_line' id='line_1_21' title="bbox 184 2313 1750 2391; baseline 0.001 -22"><span class='ocrx_word' id='word_1_129' title='bbox 184 2313 354 2370; x_wconf 88' lang='lat' dir='ltr'>tentia</span> <span class='ocrx_word' id='word_1_130' title='bbox 382 2314 612 2390; x_wconf 82' lang='lat' dir='ltr'>Reginae</span> <span class='ocrx_word' id='word_1_131' title='bbox 655 2314 877 2386; x_wconf 90' lang='lat' dir='ltr'>matris,</span> <span class='ocrx_word' id='word_1_132' title='bbox 924 2313 1280 2391; x_wconf 75' lang='lat' dir='ltr'>Principum,</span> <span class='ocrx_word' id='word_1_133' title='bbox 1326 2334 1391 2371; x_wconf 91' lang='lat' dir='ltr'>ac</span> <span class='ocrx_word' id='word_1_134' title='bbox 1423 2333 1750 2391; x_wconf 85' lang='lat' dir='ltr'>procerum,</span> 
     </span>
     <span class='ocr_line' id='line_1_22' title="bbox 184 2414 1751 2493; baseline -0.001 -21"><span class='ocrx_word' id='word_1_135' title='bbox 184 2415 662 2492; x_wconf 88' lang='lat' dir='ltr'>comprimendam</span> <span class='ocrx_word' id='word_1_136' title='bbox 689 2415 1032 2493; x_wconf 90' lang='lat' dir='ltr'>amplissimo</span> <span class='ocrx_word' id='word_1_137' title='bbox 1054 2415 1360 2493; x_wconf 89' lang='lat' dir='ltr'>diplomate</span> <span class='ocrx_word' id='word_1_138' title='bbox 1383 2414 1719 2472; x_wconf 91' lang='lat' dir='ltr'>calumniam</span> <span class='ocrx_word' id='word_1_139' title='bbox 1735 2457 1751 2487; x_wconf 93' lang='lat'>,</span> 
     </span>
     <span class='ocr_line' id='line_1_23' title="bbox 186 2516 1759 2577; baseline -0.003 -1"><span class='ocrx_word' id='word_1_140' title='bbox 186 2529 241 2577; x_wconf 92' lang='lat' dir='ltr'>et</span> <span class='ocrx_word' id='word_1_141' title='bbox 282 2518 674 2576; x_wconf 87' lang='lat' dir='ltr'>declarandam</span> <span class='ocrx_word' id='word_1_142' title='bbox 715 2519 999 2576; x_wconf 84' lang='lat' dir='ltr'>Societatis</span> <span class='ocrx_word' id='word_1_143' title='bbox 1032 2518 1168 2576; x_wconf 88' lang='lat' dir='ltr'>Jesu</span> <span class='ocrx_word' id='word_1_144' title='bbox 1203 2518 1577 2574; x_wconf 86' lang='lat' dir='ltr'>innocentiam</span> <span class='ocrx_word' id='word_1_145' title='bbox 1619 2516 1759 2573; x_wconf 84' lang='lat' dir='ltr'>exis-</span> 
     </span>
     <span class='ocr_line' id='line_1_24' title="bbox 188 2617 1753 2693; baseline -0.003 -15"><span class='ocrx_word' id='word_1_146' title='bbox 188 2623 422 2679; x_wconf 86' lang='lat' dir='ltr'>timavit.</span> <span class='ocrx_word' id='word_1_147' title='bbox 460 2621 623 2680; x_wconf 90' lang='lat' dir='ltr'>Addo</span> <span class='ocrx_word' id='word_1_148' title='bbox 667 2622 891 2679; x_wconf 89' lang='lat' dir='ltr'>Henrici</span> <span class='ocrx_word' id='word_1_149' title='bbox 934 2620 1170 2693; x_wconf 88' lang='lat' dir='ltr'>Gondii,</span> <span class='ocrx_word' id='word_1_150' title='bbox 1202 2620 1434 2677; x_wconf 87' lang='lat' dir='ltr'>Parisini</span> <span class='ocrx_word' id='word_1_151' title='bbox 1463 2617 1753 2689; x_wconf 86' lang='lat' dir='ltr'>antistitiS,</span> 
     </span>
     <span class='ocr_line' id='line_1_25' title="bbox 186 2721 1757 2795; baseline -0.004 -15"><span class='ocrx_word' id='word_1_152' title='bbox 186 2723 540 2781; x_wconf 90' lang='lat' dir='ltr'>luculentum</span> <span class='ocrx_word' id='word_1_153' title='bbox 587 2724 1002 2795; x_wconf 84' lang='lat' dir='ltr'>testimonium,</span> <span class='ocrx_word' id='word_1_154' title='bbox 1045 2732 1106 2778; x_wconf 90' lang='lat' dir='ltr'>ut</span> <span class='ocrx_word' id='word_1_155' title='bbox 1147 2721 1400 2778; x_wconf 88' lang='lat' dir='ltr'>ordinem</span> <span class='ocrx_word' id='word_1_156' title='bbox 1453 2728 1757 2794; x_wconf 89' lang='lat' dir='ltr'>utrumque</span> 
     </span>
     <span class='ocr_line' id='line_1_26' title="bbox 187 2819 1757 2903; baseline -0.006 -20"><span class='ocrx_word' id='word_1_157' title='bbox 187 2827 340 2903; x_wconf 77' lang='lat' dir='ltr'>regui</span> <span class='ocrx_word' id='word_1_158' title='bbox 388 2827 771 2903; x_wconf 72' lang='lat' dir='ltr'>praecipuum,</span> <span class='ocrx_word' id='word_1_159' title='bbox 815 2824 965 2881; x_wconf 87' lang='lat' dir='ltr'>idem</span> <span class='ocrx_word' id='word_1_160' title='bbox 1009 2824 1067 2879; x_wconf 89' lang='lat' dir='ltr'>in</span> <span class='ocrx_word' id='word_1_161' title='bbox 1111 2823 1217 2879; x_wconf 90' lang='lat' dir='ltr'>hoc</span> <span class='ocrx_word' id='word_1_162' title='bbox 1261 2822 1481 2898; x_wconf 77' lang='lat' dir='ltr'>negotio</span> <span class='ocrx_word' id='word_1_163' title='bbox 1523 2819 1757 2878; x_wconf 85' lang='lat' dir='ltr'>sensisse</span> 
     </span>
     <span class='ocr_line' id='line_1_27' title="bbox 187 2922 1752 3005; baseline -0.006 -20"><span class='ocrx_word' id='word_1_164' title='bbox 187 2938 431 2999; x_wconf 68' lang='lat' dir='ltr'>constet,</span> <span class='ocrx_word' id='word_1_165' title='bbox 466 2930 646 3005; x_wconf 86' lang='lat' dir='ltr'>iisque</span> <span class='ocrx_word' id='word_1_166' title='bbox 684 2927 1051 3004; x_wconf 86' lang='lat' dir='ltr'>respondeam</span> <span class='ocrx_word' id='word_1_167' title='bbox 1073 2971 1086 2997; x_wconf 91' lang='lat'>,</span> <span class='ocrx_word' id='word_1_168' title='bbox 1129 2926 1225 3002; x_wconf 87' lang='lat' dir='ltr'>qui</span> <span class='ocrx_word' id='word_1_169' title='bbox 1268 2925 1510 2981; x_wconf 77' lang='lat' dir='ltr'>veritatis</span> <span class='ocrx_word' id='word_1_170' title='bbox 1541 2922 1752 2998; x_wconf 78' lang='lat' dir='ltr'>ignari,</span> 
     </span>
     <span class='ocr_line' id='line_1_28' title="bbox 194 3024 1755 3103; baseline -0.004 -18"><span class='ocrx_word' id='word_1_171' title='bbox 194 3039 291 3085; x_wconf 83' lang='lat' dir='ltr'>aut</span> <span class='ocrx_word' id='word_1_172' title='bbox 324 3031 528 3087; x_wconf 88' lang='lat' dir='ltr'>imbuti</span> <span class='ocrx_word' id='word_1_173' title='bbox 558 3030 709 3103; x_wconf 90' lang='lat' dir='ltr'>odio,</span> <span class='ocrx_word' id='word_1_174' title='bbox 742 3030 906 3087; x_wconf 91' lang='lat' dir='ltr'>nobis</span> <span class='ocrx_word' id='word_1_175' title='bbox 935 3029 1155 3100; x_wconf 89' lang='lat' dir='ltr'>adhuc,</span> <span class='ocrx_word' id='word_1_176' title='bbox 1189 3028 1342 3086; x_wconf 66' lang='lat' dir='ltr'>velut</span> <span class='ocrx_word' id='word_1_177' title='bbox 1370 3029 1428 3084; x_wconf 90' lang='lat' dir='ltr'>in</span> <span class='ocrx_word' id='word_1_178' title='bbox 1456 3024 1755 3084; x_wconf 85' lang='lat' dir='ltr'>Ravalliaci</span> 
     </span>
     <span class='ocr_line' id='line_1_29' title="bbox 192 3130 1756 3210; baseline -0.004 -24"><span class='ocrx_word' id='word_1_179' title='bbox 192 3131 486 3207; x_wconf 85' lang='lat' dir='ltr'>parricidio</span> <span class='ocrx_word' id='word_1_180' title='bbox 522 3133 883 3210; x_wconf 88' lang='lat' dir='ltr'>deprehensis</span> <span class='ocrx_word' id='word_1_181' title='bbox 925 3131 1301 3207; x_wconf 83' lang='lat' dir='ltr'>convictisque</span> <span class='ocrx_word' id='word_1_182' title='bbox 1337 3130 1605 3187; x_wconf 87' lang='lat' dir='ltr'>insultare</span> <span class='ocrx_word' id='word_1_183' title='bbox 1641 3143 1756 3181; x_wconf 89' lang='lat' dir='ltr'>non</span> 
     </span>
     <span class='ocr_line' id='line_1_30' title="bbox 194 3231 1753 3308; baseline -0.004 -16"><span class='ocrx_word' id='word_1_184' title='bbox 194 3241 429 3290; x_wconf 83' lang='lat' dir='ltr'>cessant.</span> <span class='ocrx_word' id='word_1_185' title='bbox 462 3256 491 3285; x_wconf 85' lang='lat'>«</span> <span class='ocrx_word' id='word_1_186' title='bbox 505 3234 778 3294; x_wconf 89' lang='lat' dir='ltr'>Henricus</span> <span class='ocrx_word' id='word_1_187' title='bbox 791 3235 1068 3307; x_wconf 88' lang='lat' dir='ltr'>Gondius,</span> <span class='ocrx_word' id='word_1_188' title='bbox 1084 3233 1404 3292; x_wconf 88' lang='lat' dir='ltr'>Parisiensis</span> <span class='ocrx_word' id='word_1_189' title='bbox 1424 3231 1753 3308; x_wconf 84' lang='lat' dir='ltr'>EpiscopuS‚</span> 
     </span>
    </p>
   </div>
  </div>
 </body>
</html>
