2210 3651
178 368 305 400 Annus.

972 271 1137 308 mnEx
1149 297 1161 309 .
1359 226 1363 228 ῃ
1844 248 1965 307 255

360 451 517 497 Missio
539 456 589 497 in
615 453 917 512 Mongreliam
940 458 986 497 et
1008 452 1108 510 ejus
1131 451 1293 495 infelix
1316 455 1467 496 exitus
1554 486 1563 495 .
1631 481 1643 494 .
1715 484 1725 494 .
1795 481 1806 493 .
1871 448 1961 494 226

453 552 469 576 ι
540 538 588 578 in
615 534 943 589 Cocincinam,
970 559 1026 568 —-
1052 535 1316 578 incolarum
1341 547 1493 578 mores
1554 567 1563 578 .
1633 567 1643 578 .
1713 566 1724 578 .
1793 563 1806 576 .
1871 531 1960 577 229

360 614 427 660 De
451 616 501 660 P.
527 616 715 661 Nobilio
738 619 1004 661 testimonia
1022 628 1316 660 summorum
1342 618 1551 659 virorum
1634 647 1645 658 .
1714 645 1725 658 .
1793 644 1806 657 .
1872 612 1963 656 255

355 697 410 741 In
433 697 625 756 Mogolis
650 698 752 741 aula
777 705 867 742 tres
893 699 1127 755 principes
1149 695 1369 752 baptizati
1389 725 1809 739 ......
1871 694 1962 738 254

360 779 569 837 Japoniae
595 783 738 824 tristis
761 794 859 823 sors
881 805 940 811 —-
963 777 1238 822 Incendium
1262 775 1421 821 Ozacae
1475 807 1805 819 .....
1871 775 1961 819 255

357 860 529 905 Exules
554 875 577 904 e
600 861 792 918 Japonia
819 861 1062 919 appellunt
1085 862 1135 904 in
1159 859 1441 916 Philippinis
1473 891 1483 902 .
1552 888 1564 900 .
1633 887 1646 900 .
1704 889 1725 900 ..
1794 887 1806 900 .
1872 857 1959 900 257

355 941 476 986 Justi
499 942 770 986 Ucundonis
793 957 920 985 mors
978 971 1802 984 ...........
1868 938 1958 982 258

359 1021 674 1078 Paraquariae‚
702 1028 746 1066 et
771 1023 1000 1066 Chilensis
1024 1025 1153 1080 regni
1177 1028 1321 1066 status
1388 1052 1804 1067 ......
1871 1019 1959 1065 229

355 1101 609 1146 Brachium
633 1102 678 1147 S.
704 1103 936 1147 Francisei
962 1104 1144 1147 Xaverii
1169 1103 1365 1146 Romam
1390 1103 1596 1147 defertur
1628 1135 1640 1146 .
1712 1134 1724 1146 .
1791 1134 1803 1146 .
1869 1100 1959 1145 240

355 1182 689 1241 Expeditiones
714 1187 762 1227 in
788 1185 1034 1237 Hibernia,
1062 1183 1230 1237 Gallia,
1257 1183 1400 1242 AEgeo
1427 1187 1542 1227 mari
1567 1210 1622 1217 —-
1649 1183 1805 1228 Domi-

418 1266 524 1308 eilia
548 1268 743 1309 excitata
766 1271 811 1308 et
834 1272 966 1310 aucta
974 1296 1803 1311 ...........
1870 1265 1955 1309 241

359 1343 527 1390 Obitus
552 1345 607 1388 R.
636 1345 685 1389 P.
713 1345 893 1390 Claudii
917 1346 1168 1403 Aquavivae
1220 1377 1800 1390 ........
1866 1345 1956 1390 245

351 1426 656 1486 Congregatio
681 1431 907 1487 generalis
930 1429 1004 1473 VII
1030 1454 1085 1461 —
1110 1429 1159 1473 P.
1181 1429 1350 1473 Mutius
1374 1429 1677 1474 Vitelleschus
1708 1459 1720 1472 .
1789 1459 1801 1470 .
1868 1427 1957 1470 244

349 1508 444 1553 Viri
469 1509 672 1554 illustres
695 1513 777 1567 qui
804 1511 893 1554 hoc
918 1516 1129 1569 tempore
1155 1513 1371 1554 vixerunt
1378 1541 1796 1554 ......
1863 1507 1954 1553 246
