2210 3651
478 247 596 307 132
1134 266 1377 306 EPITOME

473 396 504 427 >2
541 370 708 448 Regis
742 368 1100 429 Consiliarius
1131 393 1142 427 ε
1171 371 1312 429 Cum
1350 381 1478 450 post
1507 373 1815 430 extinctum
1848 369 2044 430 nefarii

472 499 503 528 n
540 474 833 552 parricidae
876 494 1045 530 manu
1094 474 1302 549 Regem
1327 518 1342 546 ,
1387 476 1477 531 cui
1517 476 1700 533 Deum
1734 474 2045 552 propitium

472 602 503 632 »
541 597 606 634 ac
647 577 928 655 placatum
973 595 1093 633 esse
1144 583 1433 652 optamus,
1479 576 1708 653 plurimi
1749 592 2039 645 rumoreS,

471 703 504 734 »
541 698 656 735 non
697 680 815 737 sine
849 679 1001 755 gravi
1042 677 1272 733 Patrum
1311 676 1596 734 Societatis
1625 677 1761 734 Jesu
1799 675 2038 746 damnO,

470 805 501 835 2)
531 780 638 837 hac
692 781 751 837 in
792 780 935 838 urbe
985 780 1333 837 disseminati
1384 778 1632 836 fuerint:
1675 781 1791 836 Nos
1841 776 2040 835 honori

467 910 498 939 »
537 886 700 942 dictae
741 885 1026 941 Societatis
1077 904 1142 940 ac
1181 882 1345 939 famae
1392 881 1710 940 consultum
1755 879 2040 949 volenteS,

467 1008 495 1041 »
533 986 1055 1063 intelligentesque,
1093 1005 1207 1041 non
1246 984 1474 1042 aliunde
1512 984 1638 1042 illos
1673 983 2041 1061 profluxisse,

465 1114 497 1143 »
534 1110 706 1168 quam
749 1110 817 1146 ex
865 1088 993 1145 odio
1029 1088 1432 1145 nonnullorum
1469 1097 1523 1144 et
1561 1085 1949 1143 malevolentia
1983 1085 2044 1140 in

465 1215 496 1244 »
533 1192 768 1248 eandem
837 1190 1164 1248 Societatem
1225 1213 1236 1246 :
1310 1190 1711 1248 denuntiamus
1778 1190 2045 1247 omnibus

463 1317 494 1346 >)
533 1293 811 1369 ejusmodi
863 1311 1117 1349 rumores
1176 1312 1357 1350 meras
1414 1311 1533 1350 esse
1591 1292 1929 1365 calumnias,
1989 1301 2046 1350 et

462 1417 494 1449 J)
533 1393 769 1450 conficta
800 1392 939 1451 falso
974 1395 1243 1453 adversus
1273 1394 1427 1452 illam
1458 1396 1712 1469 crimina,
1746 1397 1802 1452 in
1847 1395 2048 1454 Catho-

463 1521 494 1550 >)
532 1495 678 1568 licae,
734 1494 1070 1573 Apostolicae
1127 1517 1191 1554 ac
1247 1499 1515 1555 Romanae
1565 1499 1824 1557 Ecclesiae
1878 1500 2047 1557 detri-

465 1623 496 1654 »
535 1607 810 1655 mentum.
840 1599 1030 1656 Patres
1069 1620 1196 1657 vero
1217 1645 1231 1673 ,
1267 1620 1380 1658 non
1410 1601 1578 1658 modo
1609 1601 1682 1658 ab
1714 1602 1832 1659 istis
1867 1601 2045 1659 scele-

465 1722 492 1754 »
533 1700 693 1758 ribus
732 1699 929 1758 abesse
971 1701 1323 1779 longissime,
1364 1723 1559 1760 verum
1594 1704 1761 1760 etiam
1792 1704 2044 1780 ipsorum

463 1826 495 1856 »
532 1801 803 1858 Ordinem
841 1801 963 1859 tum
1007 1813 1238 1881 propter
1280 1804 1624 1877 doctrinam,
1663 1815 1783 1860 tum
1814 1815 2044 1882 propter

462 1931 493 1961 ))
529 1906 658 1963 vitae
697 1907 1107 1981 integritatem,
1156 1905 1414 1962 Ecclesiae
1464 1905 1567 1962 Dei
1617 1925 1889 1983 perquam
1931 1907 2046 1964 uti-

461 2031 494 2063 »
529 2006 677 2079 lem,
722 2016 777 2063 et
811 2006 944 2063 huie
974 2026 1145 2084 regno
1187 2006 1350 2064 valde
1392 2006 1746 2065 fructuosum
1788 2023 1928 2065 esse.
1979 2007 2044 2064 In

463 2133 495 2163 υ
534 2127 776 2185 quorum
802 2108 995 2166 Fidem
1020 2119 1126 2166 ete.
1163 2109 1328 2166 Sexto
1361 2108 1479 2167 Cal.
1510 2108 1786 2180 Quintiles
1807 2129 2035 2167 Mncx.»
2111 2141 2114 2147 ·

464 2211 602 2268 Haec
643 2230 757 2267 non
806 2211 955 2268 edita
1006 2211 1181 2285 clam,
1230 2211 1326 2270 sed
1377 2212 1434 2267 in
1486 2210 1662 2267 oculis
1707 2210 1939 2267 Lutetiae
1975 2231 2042 2268 ac

461 2316 616 2392 regni
649 2337 660 2372 :
698 2335 812 2372 non
845 2316 919 2373 ab
950 2316 1153 2393 ignotis
1188 2323 1244 2372 et
1274 2313 1529 2371 obscuris
1561 2313 1886 2371 auctoribus
1910 2332 2041 2390 pro-

463 2418 640 2491 fecta,
688 2419 786 2478 sed
829 2419 902 2476 ab
941 2418 1165 2496 Imperii
1204 2427 1259 2474 et
1300 2415 1604 2473 Sacerdotii
1646 2415 2036 2493 Principibu83

463 2541 577 2578 non
607 2522 871 2599 precibus
895 2521 1054 2594 data,
1089 2519 1176 2577 vel
1206 2519 1426 2596 gratiae,
1463 2519 1552 2575 cui
1577 2518 1767 2576 nullus
1791 2518 2041 2595 profecto

465 2624 525 2679 in
549 2624 688 2679 tanti
711 2621 930 2680 sceleris
955 2621 1043 2679 vel
1066 2621 1343 2679 levissima
1368 2620 1705 2697 suspicione,
1730 2619 1887 2678 locus
1909 2620 2044 2680 fuis-

469 2733 579 2796 set,
614 2725 708 2782 sed
745 2733 1050 2802 perspectae
1074 2723 1321 2795 veritati,
1356 2731 1411 2779 et
1440 2722 1771 2778 innocentiae
1800 2722 2034 2781 tributa.

630 2826 749 2884 Rex
771 2845 836 2883 eo
859 2845 971 2882 non
994 2834 1289 2883 contentus
1312 2824 1483 2882 edixit
1515 2844 1704 2882 mense
1734 2824 1947 2897 Sextili,
1976 2834 2039 2882 ut

468 2927 684 3004 collegii
714 2929 1034 2987 Parisiensis
1065 2928 1270 2986 scholae
1292 2928 1365 2984 ab
1390 2927 1605 3004 aliquot
1637 2935 1764 3003 post
1785 2934 2041 2984 nostrum

467 3029 682 3087 Lutetia
723 3030 1028 3087 discessum
1062 3030 1221 3086 annis
1258 3029 1491 3100 clausae,
1524 3028 1891 3104 aperirentur.
1930 3025 2039 3083 An-

466 3133 591 3188 nuit
619 3132 1005 3190 Universitatis
1044 3152 1169 3209 pars
1191 3134 1397 3209 potior,
1432 3132 1475 3189 si
1507 3130 1729 3208 legibus
1753 3130 1867 3188 suis
1892 3139 2037 3188 stare

467 3254 581 3292 non
639 3246 1053 3310 cunctaremur,
1099 3244 1155 3293 et
1194 3236 1253 3292 in
1293 3235 1441 3292 idem
1492 3252 1620 3290 cum
1671 3232 1791 3310 ipsa
1835 3249 2036 3310 corpus
