2210 3651
448 309 720 348 HISTORIAE
760 308 1079 347 soc1ETAT1s
1120 314 1264 353 Jsssu.
1523 295 1637 354 127

87 410 241 468 tebat
287 409 391 465 hoc
446 405 761 482 tributum,
825 419 890 467 ut
951 409 1075 467 Indi
1133 422 1335 471 certam
1381 427 1643 477 navarent
1731 428 1943 501 Servitiunq

91 530 313 587 operam
345 510 637 586 Hispanis,
679 529 791 566 non
820 512 1085 569 vernilem
1122 522 1305 571 tamen
1326 559 1340 588 ,
1377 519 1472 574 sed
1507 520 1642 578 libe·
1678 493 1888 600 {³3³³oe
1930 505 1972 533 ¹¹¹

83 610 254 667 ralem
305 620 359 667 et
411 612 638 668 minime
686 611 1020 671 laboriosam
1081 636 1092 670 :
1144 616 1276 673 item
1334 627 1397 674 ut
1447 620 1642 680 iisdem

85 710 271 787 fruges
321 720 377 768 et
423 712 527 768 alia
576 712 744 788 hujus
793 716 1008 790 generis
1066 715 1348 774 offerrent.
1412 719 1645 796 Hispani

84 813 348 889 quidam,
384 834 448 871 eo
486 834 598 872 non
640 818 917 889 contenti,
952 817 1247 894 exigebant
1277 819 1349 875 ab
1373 820 1646 896 indigenis

86 914 355 992 obsequia
409 917 623 973 servilia
678 927 733 974 et
774 917 1135 993 permolesta,
1181 919 1292 976 imo
1338 920 1460 979 illos
1512 932 1648 979 tam-

85 1037 254 1093 quam
286 1019 561 1094 mancipia
584 1017 946 1075 vindicabant
975 1019 1105 1091 sibi,
1133 1040 1260 1076 cum
1292 1041 1484 1079 eorum
1516 1042 1650 1080 uxo-

81 1117 239 1175 ribus
282 1128 337 1175 et
378 1118 599 1190 liberis,
633 1128 687 1175 et
722 1139 752 1174 a
794 1120 908 1176 suis
951 1120 1226 1179 abductos
1268 1124 1423 1199 pagis
1468 1124 1648 1183 facere

82 1236 224 1294 opus
276 1219 550 1295 cogebant
597 1219 751 1276 nulla
801 1222 1086 1294 mercede,
1144 1223 1429 1280 interdum
1481 1227 1647 1283 etiam

6 1334 9 1335 ’
82 1317 268 1391 hasta,
301 1329 365 1375 ut
395 1319 620 1392 dicitur,
654 1321 831 1397 posita
860 1322 1199 1379 vendebant.
1229 1325 1383 1397 Indi,
1418 1335 1482 1382 ut
1504 1346 1647 1383 mor-

82 1419 292 1477 talibus
322 1420 460 1476 nihil
490 1429 573 1478 est
607 1423 786 1479 carius
817 1422 1107 1496 libertate,
1139 1428 1342 1501 jugum
1378 1427 1649 1503 Hispano-

82 1540 208 1576 rum
246 1539 366 1575 eam
406 1520 480 1575 ob
513 1540 632 1576 rem
666 1523 871 1597 saepius
907 1535 1293 1597 excusserant,
1326 1527 1540 1584 invitati
1577 1529 1650 1585 ad

81 1621 403 1698 religionem
441 1621 841 1695 Christianam,
880 1622 1084 1680 adduci
1122 1644 1236 1680 non
1263 1611 1549 1701 poterant,
1588 1638 1652 1685 ut

83 1742 204 1780 eam
247 1723 622 1798 susciperent,
648 1726 866 1799 jactura
906 1724 1180 1784 libertatis
1222 1728 1513 1786 emendam
1560 1750 1654 1786 ar-

82 1825 294 1882 bitrati.
339 1825 608 1882 Catholici
644 1846 831 1903 reges,
864 1826 1128 1885 Limanus
1162 1827 1650 1908 Archiepiscopus,

85 1926 390 1984 doctissimi
419 1927 632 2003 quique
671 1926 915 2004 theologi
953 1929 1235 1986 servitium
1275 1931 1426 1987 istud
1459 1951 1656 2008 perso-

85 2029 211 2086 nale
242 2029 447 2087 idcirco
479 2029 726 2101 dictum,
760 2031 891 2105 quia
920 2030 1247 2106 exigebatur
1275 2031 1348 2087 ab
1386 2032 1656 2090 Indorum

86 2131 371 2208 personis,
412 2130 681 2206 injustum
722 2140 785 2185 ac
827 2130 1059 2187 vetitum
1095 2132 1321 2188 omnino
1358 2150 1477 2190 esse
1519 2151 1655 2208 pro-

88 2233 500 2289 nuntiaverant.
522 2253 538 2274 ·
577 2231 686 2288 Sed
747 2231 991 2305 malum,
1066 2233 1257 2290 innato
1324 2234 1657 2294 mortalibus

86 2334 254 2406 vitio,
287 2332 385 2409 qui
420 2332 575 2409 quod
617 2332 846 2406 volunt,
894 2333 1055 2391 facile
1098 2354 1292 2392 verum
1323 2339 1657 2414 justumque

88 2454 208 2493 esse
259 2434 367 2492 sibi
405 2434 775 2511 persuadent,
827 2436 903 2493 ita
952 2436 1285 2510 inoleverat,
1338 2448 1402 2494 ut
1450 2439 1657 2515 passim

90 2558 281 2595 omnes
303 2539 676 2611 affirmarent,
714 2549 1040 2617 usurpatam
1064 2550 1147 2596 tot
1177 2543 1334 2600 annis
1365 2553 1659 2600 consuetu-

91 2639 309 2711 dinem,
354 2648 408 2696 et
451 2640 830 2698 introductam
875 2645 1158 2701 communi
1197 2664 1469 2704 consensu
1493 2691 1508 2719 ,
1545 2648 1658 2704 vim

84 2746 252 2820 justae
287 2741 424 2818 legis
463 2735 737 2801 obtinere.

257 2845 415 2902 Hanc
444 2847 760 2922 opinionem
797 2868 923 2905 cum
948 2848 1133 2925 palam
1165 2848 1307 2905 Socii
1328 2849 1656 2924 refutarent,

96 2969 318 3025 gravem
370 2949 523 3026 apud
573 2968 764 3008 omnes
821 2950 1086 3007 invidiam
1139 2962 1522 3028 susceperunt.
1585 2952 1660 3009 Ea
1698 2954 1992 3061 Tolr'iezfidacus

99 3060 286 3108 tamen
314 3051 612 3108 deterritus
640 3071 751 3108 non
777 3063 860 3110 est
889 3054 953 3109 P.
988 3054 1232 3111 Didacus
1262 3054 1490 3128 Torres,
1524 3057 1661 3132 quin
1847 3051 1857 3062 “

101 3151 374 3227 mancipia
415 3151 641 3224 Indica,
687 3153 917 3210 Chileno
957 3154 1202 3231 Collegio
1241 3176 1422 3232 nuper
1457 3156 1661 3211 donata

101 3252 546 3327 manumitteret,
577 3253 777 3312 idonea
817 3255 1077 3312 laborum
1115 3256 1369 3313 mercede
1397 3255 1659 3314 omnibus
