2210 3651
532 231 649 292 128
1189 249 1432 287 EPITOME

528 374 785 435 repensa.
823 354 981 414 Idem
1011 354 1071 411 in
1101 354 1506 412 Tucumaniam
1536 373 1892 432 progressuS,
1925 354 2095 413 Indos

528 476 751 530 omnes,
810 457 909 535 qui
962 475 1104 534 opus
1146 456 1205 512 in
1249 455 1480 532 collegio
1532 457 1885 516 Cordubensi
1935 456 2097 515 facie-

526 557 702 643 bant,
740 558 996 616 libertate
1032 557 1143 613 frui
1178 556 1390 629 voluit,
1431 578 1494 615 ac
1542 560 1588 616 si
1627 580 1797 636 quam
1832 568 2098 617 navarent

527 661 730 718 nostris
770 680 1025 737 operam,
1059 657 1207 714 ultro
1238 658 1311 715 ab
1348 658 1481 732 illis,
1519 680 1583 717 ac
1607 662 1862 718 mercede
1896 678 2099 738 propo-

528 762 662 834 sita,
700 761 972 838 praestari.
1023 760 1244 830 Quanto
1285 763 1460 837 major
1494 782 1761 820 numerus
1797 762 2099 839 mancipio-

525 884 654 921 rum
680 871 797 920 erat
819 863 877 918 in
899 861 1107 940 oppido
1131 861 1187 918 S.
1210 862 1409 919 Jacobi
1433 864 1685 940 ejusdem
1710 864 2095 936 Tucumaniae,

526 975 681 1023 tanto
712 967 936 1043 gravius
971 965 1251 1023 offensum
1283 975 1365 1023 est
1395 967 1549 1043 apud
1581 967 1727 1024 cives
1758 967 2096 1044 praecipuos,

525 1073 626 1149 qui
667 1090 794 1130 suas
825 1088 960 1148 opes
996 1067 1359 1125 multitudine
1394 1068 1746 1125 servitiorum
1789 1067 2100 1125 metieban-

525 1182 640 1231 tur.
673 1174 787 1230 Ubi
824 1171 895 1228 de
925 1169 1284 1227 Provincialis
1315 1169 1560 1226 adventu
1596 1169 1975 1246 percrebruit,
2009 1167 2102 1226 de-

524 1276 873 1334 bacchantur
893 1275 952 1329 in
973 1273 1304 1329 Societatem
1320 1316 1334 1345 ,
1360 1270 1726 1348 perturbare,
1759 1280 1823 1326 ut
1840 1270 2095 1344 aiebant,

524 1398 590 1435 ac
619 1378 849 1435 miscere
878 1375 1065 1432 omnia
1096 1373 1336 1431 solitam.
1373 1372 1732 1430 Provincialis
1762 1371 2101 1449 Episcopum

523 1488 580 1537 et
620 1478 866 1556 reliquos
910 1476 1235 1534 Sacerdotes
1273 1495 1401 1532 cum
1452 1475 1575 1551 ipso
1618 1473 1830 1551 populo
1873 1472 2101 1530 infestos

523 1565 1003 1651 animadvertens,
1046 1577 1286 1655 tempori
1323 1575 1673 1649 cedendum,
1712 1584 1767 1632 et
1810 1574 2013 1631 urbem
2041 1574 2102 1629 in

521 1683 786 1762 praesenti
821 1680 1188 1740 deserendam
1214 1680 1514 1756 judicavit,
1549 1679 1840 1755 sociosque
1861 1677 2100 1734 vicinam

519 1785 580 1841 in
611 1784 887 1841 civitatem
918 1782 975 1839 S.
1015 1780 1303 1840 Michaelis
1323 1825 1337 1854 ,
1371 1782 1522 1858 ipsos
1560 1790 1883 1838 evocantem
1913 1789 2097 1838 trans-

520 1887 671 1945 tulit.
700 1887 874 1943 Statio
897 1904 1127 1962 quoque
1156 1883 1443 1940 Societatis
1477 1881 1658 1958 posita
1682 1881 1742 1937 in
1776 1881 1920 1939 urbe
1947 1880 2102 1939 Men-

521 1989 697 2060 doza,
755 2006 857 2064 per
911 2004 1084 2063 quam
1134 1982 1401 2060 frequens
1445 2001 1476 2039 e
1526 1981 1772 2039 Chilensi
1818 2000 1990 2058 regno
2041 1981 2101 2037 in

522 2089 929 2149 Tucumaniam
981 2086 1249 2144 transitus
1295 2095 1398 2143 est.
1453 2083 1810 2142 Tumultuari
1849 2081 2098 2161 populus

518 2193 678 2251 initio
730 2198 1006 2268 coeperat,
1060 2187 1317 2245 futurum
1367 2186 1688 2258 clamitans,
1734 2185 1779 2243 si
1831 2183 2099 2240 admitte-

517 2304 714 2354 rentur
750 2294 971 2365 Patres,
1011 2300 1076 2348 ut
1106 2291 1419 2347 vastitatem
1451 2299 1504 2346 et
1539 2297 1841 2365 egestatem
1878 2286 1938 2343 in
1971 2304 2096 2363 pro-

517 2397 756 2455 vinciam
807 2394 1167 2465 inducerent,
1221 2392 1425 2470 ereptis
1477 2390 1796 2468 mancipiis,
1851 2376 2096 2464 quorum

517 2498 867 2577 possessione
928 2515 1016 2553 res
1077 2495 1455 2572 Hispanorum
1529 2510 1777 2569 opesque
1843 2486 2089 2546 stabant.

516 2600 582 2657 P.
645 2598 888 2655 Didacus
958 2598 1158 2655 Torres
1225 2593 1460 2654 civitatis
1517 2594 1790 2671 primores
1863 2588 2091 2660 docuit,

517 2709 729 2778 quanta
787 2710 933 2759 esset
973 2698 1128 2778 apud
1189 2700 1340 2776 ipsos
1398 2695 1635 2776 penuria
1691 2690 2089 2762 Sacerdotum,

517 2813 727 2881 quanta
778 2804 1047 2861 Indorum
1092 2802 1407 2875 calamitaS,
1463 2797 1807 2877 ignorantia,
1861 2794 2092 2852 destitu-

514 2906 614 2962 tio.
649 2906 824 2964 Movit
860 2906 986 2964 illos
1022 2907 1285 2963 orationis
1329 2905 1530 2963 veritas
1551 2949 1566 2980 ,
1611 2911 1667 2962 et
1709 2900 1907 2980 spretis
1938 2897 2087 2975 vulgi

514 3009 872 3083 rumoribus,
910 3008 1054 3067 Socii
1084 3018 1217 3068 sunt
1245 3008 1478 3086 accepti.
