2210 3651
512 264 633 322 216
1173 284 1416 324 EPITOME

511 389 749 446 Exortus
777 388 972 466 ingens
1006 388 1117 466 piae
1150 387 1529 447 multitudinis
1559 388 1798 467 ejulatus
1824 399 1880 449 et
1907 390 2080 468 lugu-

511 489 630 547 bris
651 489 994 548 lamentatio.
1024 489 1167 545 Socii
1197 488 1456 566 lacrymis
1485 490 1696 568 perfusi
1725 491 1903 548 aedem
1924 491 2080 548 illam

510 591 877 649 intuebantur
913 594 1142 669 jamjam
1193 591 1527 666 aequandam
1578 594 1725 667 solo;
1779 594 2081 652 destituen-

404 706 417 715 “
511 692 686 765 dum,
738 692 1001 771 lupisque
1050 692 1490 769 permittendum
1551 715 1776 774 gregem
1825 696 2084 775 pulcher-

509 795 754 867 rimum,
819 795 879 850 in
935 812 1047 870 quo
1108 802 1192 848 tot
1249 793 1393 850 inter
1448 793 1670 854 labores
1726 809 1781 855 et
1835 796 2083 876 pericula

511 896 746 954 colendo
784 914 959 953 annos
1003 896 1284 972 sexaginta
1327 909 1807 974 consumpserant.
1851 898 2083 956 Perlatis

509 996 964 1075 Nangazachium
1003 997 1296 1071 Patr-ihm,
1345 998 1498 1055 unde
1547 999 1745 1075 procul
1794 1009 1950 1058 erant
2001 1018 2084 1057 as-

508 1099 802 1177 portandi,
848 1100 999 1156 venit
1034 1099 1289 1156 Meacum
1329 1117 1506 1156 novus
1545 1099 1702 1157 urbis
1737 1100 2082 1177 gubernator

510 1203 1027 1281 SangamindonUS,
1073 1202 1204 1258 artis
1247 1200 1464 1258 bellicae
1500 1200 1674 1277 gloria
1713 1211 1769 1259 et
1812 1201 2082 1260 Christia-

509 1325 713 1364 norum
757 1305 886 1362 odio
923 1304 1176 1381 insignis.

673 1406 750 1463 Ut
782 1406 981 1464 urbem
1017 1405 1191 1464 subiit
1211 1449 1227 1479 .,
1259 1406 1565 1463 instructus
1594 1404 1936 1482 amplissima
1964 1426 2087 1485 per-

506 1508 684 1575 dendi
728 1508 1126 1586 mactandique
1158 1517 1434 1587 potestate
1469 1507 1858 1586 praefecturam
1901 1512 2086 1589 auspi-

510 1620 667 1669 catus
709 1620 793 1669 est
848 1612 1149 1669 evertendo
1202 1611 1410 1689 templo
1460 1612 1771 1686 Meacensi,
1817 1622 1873 1671 et
1916 1614 2086 1671 domo

510 1712 824 1771 Societatis.
874 1708 1014 1770 Inde
1046 1714 1480 1790 voce'praeconis
1514 1714 1573 1769 in
1602 1712 1722 1769 foro
1751 1714 2087 1791 pronunciat

512 1813 879 1872 deserendam
938 1832 1059 1871 esse
1114 1813 1293 1891 legem
1339 1814 1722 1890 peregrinam,
1775 1824 1872 1871 aut
1918 1815 2084 1872 lentis

510 1917 739 1996 ignibus
780 1915 1207 1991 deflagrandum
1240 1938 1251 1971 ε
1298 1915 1535 1993 proinde
1577 1916 1676 1993 qui
1721 1916 1923 1974 Christi
1961 1917 2090 1974 reti-

221 2030 431 2105 qutfftudo
511 2039 644 2077 nere
692 2017 866 2075 fidem
917 2019 1347 2091 constituerent,
1399 2019 1436 2074 ii
1479 2018 1673 2096 palum
1725 2039 1828 2096 pro
1869 2019 2087 2079 foribus

178 2096 429 2203 ffflsnano-
513 2121 821 2198 defigerent
841 2163 857 2193 a
892 2118 964 2175 ad
989 2139 1158 2196 quem
1189 2119 1397 2197 alligati
1424 2122 1908 2181 comburerentur.
1936 2121 2091 2180 Atto-

280 2193 294 2216 ,
513 2225 666 2281 nitus
699 2222 839 2280 vidit
878 2221 1149 2299 postridie
1184 2223 1508 2281 innumeros
1542 2243 1644 2300 pro
1674 2225 1862 2300 januis
1900 2224 2085 2282 Chris-

511 2328 793 2385 tianorum
839 2326 1086 2403 stipiteS‚
1124 2328 1242 2402 ejus
1279 2324 1612 2382 insultantes
1651 2325 1996 2398 crudelitati,
2030 2332 2087 2383 et

511 2429 769 2489 incendia
820 2429 1063 2487 barbara
1113 2438 1498 2505 provocantes.
1555 2428 1751 2504 Egenti
1802 2429 2087 2506 neophyto

515 2553 646 2590 cum
677 2551 753 2589 aes
784 2531 1035 2603 deesset,
1070 2548 1183 2606 quo
1220 2530 1462 2606 stipitem
1493 2539 1701 2587 emeret
1722 2575 1736 2603 7
1783 2551 1911 2587 eum
1942 2550 2082 2587 ven-

515 2636 646 2694 ditis
673 2633 1016 2693 vestimentis
1041 2633 1400 2709 comparavit.
1431 2631 1477 2689 A
1505 2631 1710 2689 femina
1733 2651 1886 2688 zonae
1908 2633 2087 2710 pretio

514 2746 769 2815 emptum
799 2743 1047 2792 narrant.
1087 2733 1365 2791 Intellexit
1397 2733 1841 2812 Sangamidonus
1871 2735 2087 2790 irritan-

514 2840 618 2897 dos
646 2839 833 2916 potius
863 2846 917 2895 et
939 2836 1226 2913 augendos
1251 2836 1415 2893 minis
1445 2855 1509 2892 ac
1544 2834 1832 2912 suppliciis
1861 2834 2086 2891 illorum

515 2942 760 3015 animos,
809 2961 978 3018 quarn
1024 2938 1378 3016 frangendos.
1429 2939 1624 3016 Itaque
1673 2937 1958 3014 stipitibus
2002 2956 2086 2994 re-

516 3041 691 3099 vulsis
742 3051 796 3098 et
845 3042 904 3097 in
951 3040 1135 3117 platea
1185 3040 1523 3112 combustis.
1570 3038 1887 3116 ignominiae
1930 3047 2086 3096 metu

518 3143 711 3202 statuit
766 3160 1117 3219 expugnare.
1180 3159 1321 3217 quos
1379 3141 1726 3198 cruciatuum
1785 3138 2086 3196 acerbitate

519 3244 665 3302 vinci
686 3262 850 3323 posse
872 3241 1188 3300 diffidebat.
1218 3242 1388 3300 Vicus
1410 3252 1528 3300 erat
1555 3243 1614 3299 in
1634 3241 1789 3300 Urbe
1811 3238 2082 3299 Meacensi
