2210 3651
466 299 739 338 HISTORIAE
780 296 1099 336 socm'rA‘ns
1141 301 1292 338 seso.
1584 280 1619 338 7
1626 281 1660 338 9

106 413 375 483 apparatu
415 403 710 460 celebratae
740 401 967 459 fuerunt
997 400 1275 460 Natalitiae
1308 406 1466 478 pueri
1494 405 1658 477 Jesu7

103 506 273 563 feriae.
308 505 573 562 Ornando
620 504 778 560 altari
815 522 999 561 cereos
1040 502 1221 577 faceS‚
1259 513 1313 561 et
1343 505 1517 580 pictas
1558 506 1664 563 ele—

102 607 424 683 gantissime
470 605 691 665 tabulas
733 606 998 684 Princeps
1041 607 1211 664 misit.
1261 606 1403 662 Vicit
1443 616 1662 664 noctem

102 729 319 766 amoena
343 710 440 767 lux
475 710 743 767 taedarum
772 709 981 786 quibus
1015 728 1180 766 omne
1210 707 1483 785 templum
1507 709 1663 766 arde-

101 811 231 883 bat,
259 812 396 868 dum
418 812 561 868 inter
590 811 1116 889 symphoniacorum
1148 818 1447 867 concentus
1477 809 1664 865 divina

101 911 370 969 litabatur
411 913 608 970 hostia.
644 903 706 968 In
748 913 867 988 ipsa
908 931 1037 969 vero
1073 912 1248 984 urbe,
1291 911 1502 988 ignium
1548 919 1665 967 arte

100 1013 534 1088 compositorum
585 1013 906 1070 innocentes
961 1013 1206 1070 flammae
1248 1022 1403 1089 grata
1452 1011 1663 1089 populo

99 1116 413 1192 spectacula
447 1114 827 1192 praebuerant.
862 1115 996 1173 Pars
1023 1115 1203 1192 prima
1233 1133 1456 1191 pompae
1485 1123 1539 1170 et
1568 1132 1665 1190 po-

96 1217 202 1273 tior
238 1217 489 1274 fidelium
520 1217 696 1293 pietas
726 1216 862 1289 fuit³
898 1218 994 1293 qui
1025 1227 1343 1275 nascentem
1375 1216 1663 1274 Christum

96 1320 316 1396 purgati
348 1339 447 1396 per
468 1317 800 1375 delictorum
831 1319 1233 1378 confessionem
1256 1320 1495 1396 pectoris
1525 1318 1662 1376 hos-

94 1421 230 1496 pitio
260 1420 508 1476 certatim
531 1429 890 1495 exceperunt.

255 1519 430 1576 Paulo
453 1528 581 1577 ante
604 1519 844 1576 natalem
869 1519 1073 1577 Christi
1096 1521 1270 1592 diem7
1305 1521 1658 1596 magnificam

90 1622 163 1679 ad
189 1621 484 1698 Proregem
515 1620 688 1678 Indiae
720 1621 1054 1698 legationem
1088 1621 1395 1698 Imperator
1417 1620 1660 1677 adorna-

89 1731 244 1781 verat
264 1767 278 1795 ,
305 1731 362 1780 et
388 1724 591 1780 oratori
615 1743 715 1781 suo
746 1725 1004 1781 comitem
1028 1723 1324 1780 addiderat
1345 1723 1407 1779 P.
1443 1722 1662 1778 Emma-

89 1825 314 1884 nuelem
343 1825 627 1883 Pinierum
657 1848 669 1882 :
702 1826 853 1882 idem
889 1825 1093 1903 Agram
1129 1825 1486 1903 proficiscens
1516 1824 1661 1884 duos

89 1929 296 2005 pariter
335 1947 366 1985 e
400 1928 603 1986 nostris
645 1928 874 1987 comites
919 1929 1193 2006 sumpsit,
1237 1928 1661 2004 indignantibus

89 2028 374 2086 Saracenis
394 2074 408 2101 7
433 2050 463 2085 a
486 2025 823 2105 quibus'etsi
845 2029 1066 2106 longius
1094 2030 1153 2085 in
1182 2029 1300 2087 dies
1321 2028 1620 2086 recedebat
1641 2072 1655 2100 .,

87 2128 159 2186 ad
207 2129 531 2205 religionem
573 2139 761 2188 tamen
804 2130 1175 2189 Christianam
1212 2131 1659 2208 amplectendam

88 2228 263 2286 nihilo
288 2231 519 2307 propius
550 2231 873 2288 accedebat.
909 2231 998 2288 Sic
1022 2231 1202 2289 solent
1221 2233 1475 2309 plerique
1503 2232 1658 2289 Prin-

88 2333 240 2409 cipes
290 2333 388 2408 qui
423 2332 747 2410 religionem
785 2333 1024 2392 utilitate
1073 2355 1173 2393 sua
1227 2345 1282 2395 et
1330 2336 1657 2414 reipublicae

86 2436 395 2494 commodis
445 2436 776 2507 metiuntur3
831 2457 959 2493 cum
1009 2439 1227 2514 aequius
1278 2448 1467 2495 contra
1515 2438 1658 2496 foret

85 2536 412 2613 reipublicae
434 2537 673 2595 rationes
702 2537 776 2594 ad
800 2538 1080 2616 religionis
1110 2540 1280 2598 decus
1312 2540 1567 2618 dirigere.

251 2640 315 2696 In
373 2640 647 2716 ejusmodi
711 2640 1068 2717 Principibus
1124 2661 1383 2718 quorum
1439 2651 1657 2700 mentes

88 2744 402 2798 eoeocecam'c
447 2741 607 2798 Deus
662 2741 843 2820 hujus
892 2743 1103 2814 seculi,
1137 2742 1164 2768 *
1206 2746 1403 2801 merito
1461 2764 1654 2803 cense-

87 2843 256 2900 batur
312 2842 641 2900 Daifusuma
691 2845 944 2921 Japoniae
996 2846 1323 2923 Imperator7
1379 2847 1477 2922 qui
1525 2846 1656 2903 licet

90 2943 464 3002 Christianum
501 2945 706 3003 odisset
736 2965 970 3020 nomen,
1012 2948 1117 3005 sibi
1149 2957 1335 3005 tamen
1376 2949 1495 3024 ipse
1539 2967 1655 3003 mo-

90 3044 413 3119 derabatur‚
453 3048 510 3105 id
541 3048 791 3124 impense
822 3070 1020 3109 cavens
1051 3072 1121 3109 ne
1150 3072 1321 3128 quam
1358 3050 1504 3108 civili
1545 3050 1653 3107 dis-

87 3145 290 3202 cordiae
345 3168 567 3206 causam
617 3149 809 3225 daret7
864 3173 1002 3211 neve
1052 3155 1382 3211 commercio
1437 3171 1648 3208 moram

86 3248 364 3322 injiceret,
400 3251 554 3325 quod
589 3252 979 3312 Lusitanorum
1009 3257 1214 3333 opibus
1252 3258 1435 3332 vigere
1466 3274 1646 3312 cerne-

1690 2758 1709 2779 *
1729 2761 1770 2800 2.
1797 2758 1890 2801 Cor.
1911 2760 1953 2799 4.
