<?xml version="1.0" encoding="UTF-8"?>
<!DOCTYPE html PUBLIC "-//W3C//DTD XHTML 1.0 Transitional//EN"
    "http://www.w3.org/TR/xhtml1/DTD/xhtml1-transitional.dtd">
<html xmlns="http://www.w3.org/1999/xhtml" xml:lang="en" lang="en">
 <head>
  <title>
</title>
<meta http-equiv="Content-Type" content="text/html;charset=utf-8" />
  <meta name='ocr-system' content='tesseract 3.04.00' />
  <meta name='ocr-capabilities' content='ocr_page ocr_carea ocr_par ocr_line ocrx_word'/>
</head>
<body>
  <div class='ocr_page' id='page_1' title='image "./epitomehistoriso04jouv_0156.png"; bbox 0 0 2210 3651; ppageno 0'>
   <div class='ocr_carea' id='block_1_1' title="bbox 511 256 1409 352">
    <p class='ocr_par' dir='ltr' id='par_1_1' title="bbox 511 256 1409 352">
     <span class='ocr_line' id='line_1_1' title="bbox 511 256 1409 352; baseline 0.002 -2"><span class='ocrx_word' id='word_1_1' title='bbox 511 290 627 352; x_wconf 68' lang='lat'>1248</span> <span class='ocrx_word' id='word_1_2' title='bbox 1169 256 1409 352; x_wconf 67' lang='lat' dir='ltr'>ErITOME</span> 
     </span>
    </p>
   </div>
   <div class='ocr_carea' id='block_1_2' title="bbox 481 416 2075 1313">
    <p class='ocr_par' dir='ltr' id='par_1_2' title="bbox 481 416 2075 1313">
     <span class='ocr_line' id='line_1_2' title="bbox 505 416 2071 500; baseline 0.003 -25"><span class='ocrx_word' id='word_1_3' title='bbox 505 437 689 475; x_wconf 89' lang='lat' dir='ltr'>arcem</span> <span class='ocrx_word' id='word_1_4' title='bbox 708 461 723 490; x_wconf 91' lang='lat'>,</span> <span class='ocrx_word' id='word_1_5' title='bbox 756 426 1044 495; x_wconf 89' lang='lat' dir='ltr'>tamquam</span> <span class='ocrx_word' id='word_1_6' title='bbox 1075 416 1147 474; x_wconf 90' lang='lat' dir='ltr'>ad</span> <span class='ocrx_word' id='word_1_7' title='bbox 1175 427 1402 494; x_wconf 89' lang='lat' dir='ltr'>portum</span> <span class='ocrx_word' id='word_1_8' title='bbox 1435 438 1493 478; x_wconf 91' lang='lat' dir='ltr'>se</span> <span class='ocrx_word' id='word_1_9' title='bbox 1520 421 1864 500; x_wconf 84' lang='lat' dir='ltr'>recipiebant</span> <span class='ocrx_word' id='word_1_10' title='bbox 1879 423 2071 500; x_wconf 91' lang='lat' dir='ltr'>jactati</span> 
     </span>
     <span class='ocr_line' id='line_1_3' title="bbox 504 519 2075 596; baseline 0.005 -20"><span class='ocrx_word' id='word_1_11' title='bbox 504 527 833 596; x_wconf 77' lang='lat' dir='ltr'><strong>tempestate</strong></span> <span class='ocrx_word' id='word_1_12' title='bbox 896 519 1150 576; x_wconf 81' lang='lat' dir='ltr'>catholici</span> <span class='ocrx_word' id='word_1_13' title='bbox 1207 541 1219 575; x_wconf 90' lang='lat'>:</span> <span class='ocrx_word' id='word_1_14' title='bbox 1272 520 1403 578; x_wconf 88' lang='lat' dir='ltr'>hinc</span> <span class='ocrx_word' id='word_1_15' title='bbox 1460 534 1799 582; x_wconf 89' lang='lat' dir='ltr'>sacramenta</span> <span class='ocrx_word' id='word_1_16' title='bbox 1857 538 1912 583; x_wconf 93' lang='lat' dir='ltr'>et</span> <span class='ocrx_word' id='word_1_17' title='bbox 1967 526 2075 584; x_wconf 84' lang='lat' dir='ltr'>alia</span> 
     </span>
     <span class='ocr_line' id='line_1_4' title="bbox 505 621 2064 708; baseline 0.006 -29"><span class='ocrx_word' id='word_1_18' title='bbox 505 621 831 680; x_wconf 82' lang='lat' dir='ltr'>Christianae</span> <span class='ocrx_word' id='word_1_19' title='bbox 887 623 1014 678; x_wconf 83' lang='lat' dir='ltr'>vitae</span> <span class='ocrx_word' id='word_1_20' title='bbox 1077 642 1141 678; x_wconf 90' lang='lat' dir='ltr'>ac</span> <span class='ocrx_word' id='word_1_21' title='bbox 1193 624 1413 699; x_wconf 88' lang='lat' dir='ltr'>pietatis</span> <span class='ocrx_word' id='word_1_22' title='bbox 1461 628 1720 705; x_wconf 72' lang='lat' dir='ltr'>praesidia</span> <span class='ocrx_word' id='word_1_23' title='bbox 1775 631 2064 708; x_wconf 87' lang='lat' dir='ltr'>petebant.</span> 
     </span>
     <span class='ocr_line' id='line_1_5' title="bbox 500 724 2070 791; baseline 0.006 -9"><span class='ocrx_word' id='word_1_24' title='bbox 500 724 659 784; x_wconf 92' lang='lat' dir='ltr'>Alius</span> <span class='ocrx_word' id='word_1_25' title='bbox 693 746 723 783; x_wconf 92' lang='lat' dir='ltr'>e</span> <span class='ocrx_word' id='word_1_26' title='bbox 752 726 952 783; x_wconf 86' lang='lat' dir='ltr'>nostris</span> <span class='ocrx_word' id='word_1_27' title='bbox 982 726 1040 781; x_wconf 91' lang='lat' dir='ltr'>in</span> <span class='ocrx_word' id='word_1_28' title='bbox 1069 724 1461 784; x_wconf 84' lang='lat' dir='ltr'>Zakmariense</span> <span class='ocrx_word' id='word_1_29' title='bbox 1490 730 1778 788; x_wconf 86' lang='lat' dir='ltr'>castellum</span> <span class='ocrx_word' id='word_1_30' title='bbox 1809 742 2070 791; x_wconf 88' lang='lat' dir='ltr'>evocatus</span> 
     </span>
     <span class='ocr_line' id='line_1_6' title="bbox 498 825 2068 910; baseline 0.004 -26"><span class='ocrx_word' id='word_1_31' title='bbox 498 827 572 884; x_wconf 88' lang='lat' dir='ltr'>ab</span> <span class='ocrx_word' id='word_1_32' title='bbox 598 825 817 884; x_wconf 81' lang='lat' dir='ltr'>Andrea</span> <span class='ocrx_word' id='word_1_33' title='bbox 841 827 1012 883; x_wconf 87' lang='lat' dir='ltr'>Docio</span> <span class='ocrx_word' id='word_1_34' title='bbox 1033 872 1047 899; x_wconf 91' lang='lat'>,</span> <span class='ocrx_word' id='word_1_35' title='bbox 1081 826 1385 901; x_wconf 82' lang='lat' dir='ltr'>catholicO,</span> <span class='ocrx_word' id='word_1_36' title='bbox 1420 831 1641 887; x_wconf 86' lang='lat' dir='ltr'>navavit</span> <span class='ocrx_word' id='word_1_37' title='bbox 1662 851 1887 910; x_wconf 79' lang='lat' dir='ltr'><strong>operam</strong></span> <span class='ocrx_word' id='word_1_38' title='bbox 1914 833 2068 890; x_wconf 90' lang='lat' dir='ltr'>indi-</span> 
     </span>
     <span class='ocr_line' id='line_1_7' title="bbox 496 928 2063 1009; baseline 0.004 -23"><span class='ocrx_word' id='word_1_39' title='bbox 496 929 652 1005; x_wconf 90' lang='lat' dir='ltr'>genis</span> <span class='ocrx_word' id='word_1_40' title='bbox 696 948 761 986; x_wconf 95' lang='lat' dir='ltr'>eo</span> <span class='ocrx_word' id='word_1_41' title='bbox 807 928 1114 1002; x_wconf 74' lang='lat' dir='ltr'>utiliorem,</span> <span class='ocrx_word' id='word_1_42' title='bbox 1168 929 1322 1006; x_wconf 91' lang='lat' dir='ltr'>quod</span> <span class='ocrx_word' id='word_1_43' title='bbox 1375 939 1553 988; x_wconf 86' lang='lat' dir='ltr'>totum</span> <span class='ocrx_word' id='word_1_44' title='bbox 1598 932 1749 991; x_wconf 88' lang='lat' dir='ltr'>hunc</span> <span class='ocrx_word' id='word_1_45' title='bbox 1790 944 2063 1009; x_wconf 91' lang='lat' dir='ltr'>tractum,</span> 
     </span>
     <span class='ocr_line' id='line_1_8' title="bbox 494 1032 2067 1112; baseline 0.003 -24"><span class='ocrx_word' id='word_1_46' title='bbox 494 1033 593 1109; x_wconf 93' lang='lat' dir='ltr'>qui</span> <span class='ocrx_word' id='word_1_47' title='bbox 637 1033 709 1089; x_wconf 89' lang='lat' dir='ltr'>ad</span> <span class='ocrx_word' id='word_1_48' title='bbox 751 1033 1038 1090; x_wconf 87' lang='lat' dir='ltr'>Tibiscum</span> <span class='ocrx_word' id='word_1_49' title='bbox 1074 1032 1291 1089; x_wconf 86' lang='lat' dir='ltr'>flumen</span> <span class='ocrx_word' id='word_1_50' title='bbox 1321 1032 1431 1090; x_wconf 88' lang='lat' dir='ltr'>late</span> <span class='ocrx_word' id='word_1_51' title='bbox 1472 1036 1796 1112; x_wconf 67' lang='lat' dir='ltr'>porrigitur,</span> <span class='ocrx_word' id='word_1_52' title='bbox 1841 1036 2067 1094; x_wconf 89' lang='lat' dir='ltr'>obtine-</span> 
     </span>
     <span class='ocr_line' id='line_1_9' title="bbox 490 1133 2066 1213; baseline 0.003 -22"><span class='ocrx_word' id='word_1_53' title='bbox 490 1143 616 1191; x_wconf 85' lang='lat' dir='ltr'>rent</span> <span class='ocrx_word' id='word_1_54' title='bbox 654 1134 1004 1207; x_wconf 86' lang='lat' dir='ltr'>Calvinistae,</span> <span class='ocrx_word' id='word_1_55' title='bbox 1050 1133 1206 1191; x_wconf 91' lang='lat' dir='ltr'>nullo</span> <span class='ocrx_word' id='word_1_56' title='bbox 1248 1133 1578 1210; x_wconf 73' lang='lat' dir='ltr'>Sacerdote,</span> <span class='ocrx_word' id='word_1_57' title='bbox 1625 1138 1719 1213; x_wconf 92' lang='lat' dir='ltr'>qui</span> <span class='ocrx_word' id='word_1_58' title='bbox 1766 1137 2066 1196; x_wconf 91' lang='lat' dir='ltr'>catholicos</span> 
     </span>
     <span class='ocr_line' id='line_1_10' title="bbox 481 1236 988 1313; baseline -0.006 -19"><span class='ocrx_word' id='word_1_59' title='bbox 481 1239 741 1313; x_wconf 88' lang='lat' dir='ltr'>juvaret,</span> <span class='ocrx_word' id='word_1_60' title='bbox 775 1236 988 1294; x_wconf 86' lang='lat' dir='ltr'>relictO.</span> 
     </span>
    </p>
   </div>
   <div class='ocr_carea' id='block_1_3' title="bbox 211 1336 2068 1414">
    <p class='ocr_par' dir='ltr' id='par_1_3' title="bbox 211 1336 2068 1414">
     <span class='ocr_line' id='line_1_11' title="bbox 211 1336 2068 1414; baseline 0.002 -18"><span class='ocrx_word' id='word_1_61' title='bbox 211 1355 417 1396; x_wconf 75' lang='lat' dir='ltr'>Novorum</span> <span class='ocrx_word' id='word_1_62' title='bbox 656 1338 762 1394; x_wconf 93' lang='lat' dir='ltr'>Tot</span> <span class='ocrx_word' id='word_1_63' title='bbox 793 1336 1156 1413; x_wconf 86' lang='lat' dir='ltr'>collegiorum</span> <span class='ocrx_word' id='word_1_64' title='bbox 1187 1338 1432 1414; x_wconf 92' lang='lat' dir='ltr'>pericula</span> <span class='ocrx_word' id='word_1_65' title='bbox 1472 1348 1527 1397; x_wconf 93' lang='lat' dir='ltr'>et</span> <span class='ocrx_word' id='word_1_66' title='bbox 1564 1340 1749 1399; x_wconf 86' lang='lat' dir='ltr'>clades</span> <span class='ocrx_word' id='word_1_67' title='bbox 1786 1342 2068 1400; x_wconf 89' lang='lat' dir='ltr'>consolata</span> 
     </span>
    </p>
   </div>
   <div class='ocr_carea' id='block_1_4' title="bbox 132 1419 451 1463">
    <p class='ocr_par' dir='ltr' id='par_1_4' title="bbox 132 1419 451 1463">
     <span class='ocr_line' id='line_1_12' title="bbox 132 1419 451 1463; baseline 0.013 -4"><span class='ocrx_word' id='word_1_68' title='bbox 132 1419 451 1463; x_wconf 84' lang='lat' dir='ltr'>Domiciliorum</span> 
     </span>
    </p>
   </div>
   <div class='ocr_carea' id='block_1_5' title="bbox 128 1437 2068 1525">
    <p class='ocr_par' dir='ltr' id='par_1_5' title="bbox 128 1437 2068 1525">
     <span class='ocr_line' id='line_1_13' title="bbox 128 1437 2068 1525; baseline 0.003 -29"><span class='ocrx_word' id='word_1_69' title='bbox 128 1489 240 1525; x_wconf 81' lang='lat' dir='ltr'>ortus</span> <span class='ocrx_word' id='word_1_70' title='bbox 491 1447 623 1497; x_wconf 88' lang='lat' dir='ltr'>sunt</span> <span class='ocrx_word' id='word_1_71' title='bbox 644 1456 758 1494; x_wconf 92' lang='lat' dir='ltr'>non</span> <span class='ocrx_word' id='word_1_72' title='bbox 787 1457 963 1515; x_wconf 85' lang='lat' dir='ltr'>pauca</span> <span class='ocrx_word' id='word_1_73' title='bbox 998 1437 1282 1497; x_wconf 87' lang='lat' dir='ltr'>Societatis</span> <span class='ocrx_word' id='word_1_74' title='bbox 1318 1440 1597 1499; x_wconf 89' lang='lat' dir='ltr'>domicilia</span> <span class='ocrx_word' id='word_1_75' title='bbox 1626 1443 1733 1501; x_wconf 89' lang='lat' dir='ltr'>hoc</span> <span class='ocrx_word' id='word_1_76' title='bbox 1763 1464 1907 1501; x_wconf 92' lang='lat' dir='ltr'>anno</span> <span class='ocrx_word' id='word_1_77' title='bbox 1939 1464 2068 1502; x_wconf 90' lang='lat' dir='ltr'>con·</span> 
     </span>
    </p>
   </div>
   <div class='ocr_carea' id='block_1_6' title="bbox 480 1539 2067 3331">
    <p class='ocr_par' dir='ltr' id='par_1_6' title="bbox 480 1539 2067 3331">
     <span class='ocr_line' id='line_1_14' title="bbox 490 1539 2067 1622; baseline 0.003 -23"><span class='ocrx_word' id='word_1_78' title='bbox 490 1541 705 1599; x_wconf 87' lang='lat' dir='ltr'>stituta.</span> <span class='ocrx_word' id='word_1_79' title='bbox 768 1539 1078 1616; x_wconf 89' lang='lat' dir='ltr'>Collegium</span> <span class='ocrx_word' id='word_1_80' title='bbox 1137 1541 1613 1616; x_wconf 85' lang='lat' dir='ltr'>Rhodumnense,</span> <span class='ocrx_word' id='word_1_81' title='bbox 1677 1545 1736 1600; x_wconf 92' lang='lat' dir='ltr'>in</span> <span class='ocrx_word' id='word_1_82' title='bbox 1793 1565 1858 1601; x_wconf 85' lang='lat' dir='ltr'>ea</span> <span class='ocrx_word' id='word_1_83' title='bbox 1908 1554 2067 1622; x_wconf 88' lang='lat' dir='ltr'>parte</span> 
     </span>
     <span class='ocr_line' id='line_1_15' title="bbox 487 1642 2067 1724; baseline 0.004 -26"><span class='ocrx_word' id='word_1_84' title='bbox 487 1642 884 1719; x_wconf 75' lang='lat' dir='ltr'>Lugdunensis</span> <span class='ocrx_word' id='word_1_85' title='bbox 915 1643 1054 1719; x_wconf 84' lang='lat' dir='ltr'>agri,</span> <span class='ocrx_word' id='word_1_86' title='bbox 1089 1663 1217 1719; x_wconf 83' lang='lat' dir='ltr'>quae</span> <span class='ocrx_word' id='word_1_87' title='bbox 1248 1645 1540 1702; x_wconf 88' lang='lat' dir='ltr'>Fovesium</span> <span class='ocrx_word' id='word_1_88' title='bbox 1565 1646 1792 1720; x_wconf 89' lang='lat' dir='ltr'>dicitur,</span> <span class='ocrx_word' id='word_1_89' title='bbox 1817 1655 1872 1703; x_wconf 95' lang='lat' dir='ltr'>et</span> <span class='ocrx_word' id='word_1_90' title='bbox 1894 1668 2067 1724; x_wconf 87' lang='lat' dir='ltr'>quam</span> 
     </span>
     <span class='ocr_line' id='line_1_16' title="bbox 487 1743 2066 1820; baseline 0.004 -21"><span class='ocrx_word' id='word_1_91' title='bbox 487 1743 620 1799; x_wconf 92' lang='lat' dir='ltr'>olim</span> <span class='ocrx_word' id='word_1_92' title='bbox 665 1743 957 1820; x_wconf 85' lang='lat' dir='ltr'>Segusiani</span> <span class='ocrx_word' id='word_1_93' title='bbox 994 1753 1224 1803; x_wconf 87' lang='lat' dir='ltr'>tenuere</span> <span class='ocrx_word' id='word_1_94' title='bbox 1274 1767 1284 1801; x_wconf 93' lang='lat'><strong>:</strong></span> <span class='ocrx_word' id='word_1_95' title='bbox 1334 1765 1462 1804; x_wconf 86' lang='lat' dir='ltr'>suas</span> <span class='ocrx_word' id='word_1_96' title='bbox 1502 1748 1562 1803; x_wconf 90' lang='lat' dir='ltr'>in</span> <span class='ocrx_word' id='word_1_97' title='bbox 1612 1747 1754 1805; x_wconf 90' lang='lat' dir='ltr'>urbe</span> <span class='ocrx_word' id='word_1_98' title='bbox 1805 1748 1954 1806; x_wconf 69' lang='lat' dir='ltr'>aede&#39;s</span> <span class='ocrx_word' id='word_1_99' title='bbox 1991 1749 2066 1806; x_wconf 91' lang='lat' dir='ltr'>ad</span> 
     </span>
     <span class='ocr_line' id='line_1_17' title="bbox 487 1846 2059 1924; baseline 0.001 -20"><span class='ocrx_word' id='word_1_100' title='bbox 487 1846 784 1924; x_wconf 77' lang='lat' dir='ltr'>collegium</span> <span class='ocrx_word' id='word_1_101' title='bbox 829 1847 1156 1924; x_wconf 86' lang='lat' dir='ltr'>ponendum</span> <span class='ocrx_word' id='word_1_102' title='bbox 1207 1846 1440 1902; x_wconf 85' lang='lat' dir='ltr'>dederat</span> <span class='ocrx_word' id='word_1_103' title='bbox 1481 1847 1730 1903; x_wconf 86' lang='lat' dir='ltr'>Jacobus</span> <span class='ocrx_word' id='word_1_104' title='bbox 1774 1847 2059 1923; x_wconf 92' lang='lat' dir='ltr'>Cotonus,</span> 
     </span>
     <span class='ocr_line' id='line_1_18' title="bbox 484 1941 2063 2025; baseline 0 -19"><span class='ocrx_word' id='word_1_105' title='bbox 484 1949 549 2006; x_wconf 91' lang='lat' dir='ltr'>P.</span> <span class='ocrx_word' id='word_1_106' title='bbox 586 1948 734 2005; x_wconf 89' lang='lat' dir='ltr'>Petri</span> <span class='ocrx_word' id='word_1_107' title='bbox 765 1946 962 2003; x_wconf 90' lang='lat' dir='ltr'>Cotoni</span> <span class='ocrx_word' id='word_1_108' title='bbox 999 1944 1187 2001; x_wconf 87' lang='lat' dir='ltr'>frater.</span> <span class='ocrx_word' id='word_1_109' title='bbox 1226 1945 1602 2018; x_wconf 87' lang='lat' dir='ltr'>Vesulanum,</span> <span class='ocrx_word' id='word_1_110' title='bbox 1649 1948 1708 2002; x_wconf 88' lang='lat' dir='ltr'>in</span> <span class='ocrx_word' id='word_1_111' title='bbox 1738 1941 2063 2025; x_wconf 85' lang='lat' dir='ltr'>Burgundia</span> 
     </span>
     <span class='ocr_line' id='line_1_19' title="bbox 484 2034 2060 2125; baseline 0.003 -19"><span class='ocrx_word' id='word_1_112' title='bbox 484 2039 904 2125; x_wconf 88' lang='lat' dir='ltr'>Sequanorum,</span> <span class='ocrx_word' id='word_1_113' title='bbox 965 2066 1135 2122; x_wconf 86' lang='lat' dir='ltr'>quem</span> <span class='ocrx_word' id='word_1_114' title='bbox 1185 2045 1354 2123; x_wconf 80' lang='lat' dir='ltr'>vulgo</span> <span class='ocrx_word' id='word_1_115' title='bbox 1406 2046 1673 2105; x_wconf 89' lang='lat' dir='ltr'>Liberum</span> <span class='ocrx_word' id='word_1_116' title='bbox 1718 2034 2060 2111; x_wconf 83' lang='lat' dir='ltr'>Comitatum</span> 
     </span>
     <span class='ocr_line' id='line_1_20' title="bbox 483 2147 2060 2227; baseline 0.001 -18"><span class='ocrx_word' id='word_1_117' title='bbox 483 2159 704 2209; x_wconf 87' lang='lat' dir='ltr'>vocant.</span> <span class='ocrx_word' id='word_1_118' title='bbox 732 2148 983 2206; x_wconf 90' lang='lat' dir='ltr'>Tifernas</span> <span class='ocrx_word' id='word_1_119' title='bbox 1005 2149 1062 2203; x_wconf 89' lang='lat' dir='ltr'>in</span> <span class='ocrx_word' id='word_1_120' title='bbox 1085 2147 1338 2204; x_wconf 68' lang='lat' dir='ltr'>Umbriae</span> <span class='ocrx_word' id='word_1_121' title='bbox 1362 2148 1582 2206; x_wconf 88' lang='lat' dir='ltr'>civitate</span> <span class='ocrx_word' id='word_1_122' title='bbox 1606 2170 1735 2227; x_wconf 81' lang='lat' dir='ltr'>quae</span> <span class='ocrx_word' id='word_1_123' title='bbox 1767 2151 2060 2210; x_wconf 89' lang='lat' dir='ltr'>Tifernum</span> 
     </span>
     <span class='ocr_line' id='line_1_21' title="bbox 482 2249 2063 2329; baseline 0.002 -20"><span class='ocrx_word' id='word_1_124' title='bbox 482 2252 718 2324; x_wconf 86' lang='lat' dir='ltr'>dicitur,</span> <span class='ocrx_word' id='word_1_125' title='bbox 764 2259 1132 2329; x_wconf 89' lang='lat' dir='ltr'>cognomento</span> <span class='ocrx_word' id='word_1_126' title='bbox 1177 2249 1539 2324; x_wconf 88' lang='lat' dir='ltr'>Tiberinum,</span> <span class='ocrx_word' id='word_1_127' title='bbox 1585 2252 1716 2327; x_wconf 90' lang='lat' dir='ltr'>quia</span> <span class='ocrx_word' id='word_1_128' title='bbox 1754 2252 1940 2309; x_wconf 90' lang='lat' dir='ltr'>Tiberi</span> <span class='ocrx_word' id='word_1_129' title='bbox 1980 2264 2063 2312; x_wconf 90' lang='lat' dir='ltr'>est</span> 
     </span>
     <span class='ocr_line' id='line_1_22' title="bbox 481 2351 2059 2432; baseline 0 -20"><span class='ocrx_word' id='word_1_130' title='bbox 481 2355 762 2432; x_wconf 85' lang='lat' dir='ltr'>imposita.</span> <span class='ocrx_word' id='word_1_131' title='bbox 799 2352 1174 2425; x_wconf 77' lang='lat' dir='ltr'>Asculanum,</span> <span class='ocrx_word' id='word_1_132' title='bbox 1218 2352 1277 2407; x_wconf 90' lang='lat' dir='ltr'>in</span> <span class='ocrx_word' id='word_1_133' title='bbox 1306 2351 1529 2409; x_wconf 87' lang='lat' dir='ltr'>PicenO.</span> <span class='ocrx_word' id='word_1_134' title='bbox 1574 2352 1847 2429; x_wconf 86' lang='lat' dir='ltr'>Soranum</span> <span class='ocrx_word' id='word_1_135' title='bbox 1891 2355 1949 2410; x_wconf 91' lang='lat' dir='ltr'>in</span> <span class='ocrx_word' id='word_1_136' title='bbox 1977 2375 2059 2413; x_wconf 90' lang='lat' dir='ltr'>re-</span> 
     </span>
     <span class='ocr_line' id='line_1_23' title="bbox 482 2453 2058 2534; baseline 0.002 -21"><span class='ocrx_word' id='word_1_137' title='bbox 482 2476 592 2534; x_wconf 94' lang='lat' dir='ltr'>gno</span> <span class='ocrx_word' id='word_1_138' title='bbox 623 2455 1014 2534; x_wconf 83' lang='lat' dir='ltr'>NeapolitanO,</span> <span class='ocrx_word' id='word_1_139' title='bbox 1041 2463 1094 2511; x_wconf 85' lang='lat' dir='ltr'>et</span> <span class='ocrx_word' id='word_1_140' title='bbox 1117 2453 1337 2531; x_wconf 88' lang='lat' dir='ltr'>Aprutii</span> <span class='ocrx_word' id='word_1_141' title='bbox 1361 2454 1638 2513; x_wconf 87' lang='lat' dir='ltr'>ulterioris</span> <span class='ocrx_word' id='word_1_142' title='bbox 1668 2456 1866 2514; x_wconf 91' lang='lat' dir='ltr'>limite.</span> <span class='ocrx_word' id='word_1_143' title='bbox 1896 2458 2058 2516; x_wconf 87' lang='lat' dir='ltr'>Gien-</span> 
     </span>
     <span class='ocr_line' id='line_1_24' title="bbox 481 2558 2055 2639; baseline 0.002 -23"><span class='ocrx_word' id='word_1_144' title='bbox 481 2580 653 2618; x_wconf 92' lang='lat' dir='ltr'>nense</span> <span class='ocrx_word' id='word_1_145' title='bbox 687 2562 744 2615; x_wconf 90' lang='lat' dir='ltr'>in</span> <span class='ocrx_word' id='word_1_146' title='bbox 767 2560 998 2631; x_wconf 61' lang='lat' dir='ltr'>Baetica,</span> <span class='ocrx_word' id='word_1_147' title='bbox 1033 2559 1121 2615; x_wconf 91' lang='lat' dir='ltr'>cui</span> <span class='ocrx_word' id='word_1_148' title='bbox 1153 2578 1252 2616; x_wconf 92' lang='lat' dir='ltr'>sua</span> <span class='ocrx_word' id='word_1_149' title='bbox 1283 2567 1470 2616; x_wconf 91' lang='lat' dir='ltr'>tamen</span> <span class='ocrx_word' id='word_1_150' title='bbox 1500 2558 1680 2615; x_wconf 89' lang='lat' dir='ltr'>forma</span> <span class='ocrx_word' id='word_1_151' title='bbox 1703 2603 1716 2630; x_wconf 84' lang='lat'>,</span> <span class='ocrx_word' id='word_1_152' title='bbox 1751 2569 1805 2616; x_wconf 92' lang='lat' dir='ltr'>et</span> <span class='ocrx_word' id='word_1_153' title='bbox 1837 2560 2055 2639; x_wconf 89' lang='lat' dir='ltr'>collegii</span> 
     </span>
     <span class='ocr_line' id='line_1_25' title="bbox 481 2659 2057 2737; baseline 0.003 -19"><span class='ocrx_word' id='word_1_154' title='bbox 481 2680 686 2718; x_wconf 90' lang='lat' dir='ltr'>nomen</span> <span class='ocrx_word' id='word_1_155' title='bbox 722 2661 828 2718; x_wconf 88' lang='lat' dir='ltr'>nisi</span> <span class='ocrx_word' id='word_1_156' title='bbox 864 2659 1150 2736; x_wconf 87' lang='lat' dir='ltr'>aliquanto</span> <span class='ocrx_word' id='word_1_157' title='bbox 1196 2670 1322 2737; x_wconf 86' lang='lat' dir='ltr'>post</span> <span class='ocrx_word' id='word_1_158' title='bbox 1353 2680 1467 2717; x_wconf 90' lang='lat' dir='ltr'>non</span> <span class='ocrx_word' id='word_1_159' title='bbox 1509 2664 1757 2721; x_wconf 88' lang='lat' dir='ltr'>accessit.</span> <span class='ocrx_word' id='word_1_160' title='bbox 1793 2663 2057 2722; x_wconf 87' lang='lat' dir='ltr'>Bamber-</span> 
     </span>
     <span class='ocr_line' id='line_1_26' title="bbox 480 2762 2055 2840; baseline 0.003 -20"><span class='ocrx_word' id='word_1_161' title='bbox 480 2782 649 2840; x_wconf 89' lang='lat' dir='ltr'>gense</span> <span class='ocrx_word' id='word_1_162' title='bbox 673 2764 731 2819; x_wconf 92' lang='lat' dir='ltr'>in</span> <span class='ocrx_word' id='word_1_163' title='bbox 759 2762 1054 2819; x_wconf 88' lang='lat' dir='ltr'>Germania</span> <span class='ocrx_word' id='word_1_164' title='bbox 1084 2772 1139 2819; x_wconf 89' lang='lat' dir='ltr'>et</span> <span class='ocrx_word' id='word_1_165' title='bbox 1172 2763 1492 2820; x_wconf 83' lang='lat' dir='ltr'>Franconiae</span> <span class='ocrx_word' id='word_1_166' title='bbox 1512 2809 1526 2837; x_wconf 97' lang='lat'>,</span> <span class='ocrx_word' id='word_1_167' title='bbox 1562 2775 1625 2821; x_wconf 92' lang='lat' dir='ltr'>ut</span> <span class='ocrx_word' id='word_1_168' title='bbox 1672 2776 1906 2840; x_wconf 81' lang='lat' dir='ltr'>vocant,</span> <span class='ocrx_word' id='word_1_169' title='bbox 1955 2769 2055 2824; x_wconf 92' lang='lat' dir='ltr'>cir-</span> 
     </span>
     <span class='ocr_line' id='line_1_27' title="bbox 483 2865 2053 2939; baseline 0.003 -18"><span class='ocrx_word' id='word_1_170' title='bbox 483 2865 645 2937; x_wconf 59' lang='lat' dir='ltr'>culog</span> <span class='ocrx_word' id='word_1_171' title='bbox 675 2866 1031 2922; x_wconf 86' lang='lat' dir='ltr'>Passaviense</span> <span class='ocrx_word' id='word_1_172' title='bbox 1063 2865 1119 2920; x_wconf 91' lang='lat' dir='ltr'>in</span> <span class='ocrx_word' id='word_1_173' title='bbox 1153 2865 1361 2922; x_wconf 87' lang='lat' dir='ltr'>circulo</span> <span class='ocrx_word' id='word_1_174' title='bbox 1392 2866 1665 2939; x_wconf 71' lang='lat' dir='ltr'>Bavariae3</span> <span class='ocrx_word' id='word_1_175' title='bbox 1703 2868 1966 2925; x_wconf 88' lang='lat' dir='ltr'>Plocense</span> <span class='ocrx_word' id='word_1_176' title='bbox 1994 2870 2053 2926; x_wconf 92' lang='lat' dir='ltr'>in</span> 
     </span>
     <span class='ocr_line' id='line_1_28' title="bbox 482 2966 2055 3044; baseline 0.003 -20"><span class='ocrx_word' id='word_1_177' title='bbox 482 2969 676 3044; x_wconf 83' lang='lat' dir='ltr'>majori</span> <span class='ocrx_word' id='word_1_178' title='bbox 713 2966 962 3023; x_wconf 88' lang='lat' dir='ltr'>Polonia.</span> <span class='ocrx_word' id='word_1_179' title='bbox 1004 2967 1218 3024; x_wconf 91' lang='lat' dir='ltr'>Domus</span> <span class='ocrx_word' id='word_1_180' title='bbox 1258 2967 1604 3044; x_wconf 89' lang='lat' dir='ltr'>probationis</span> <span class='ocrx_word' id='word_1_181' title='bbox 1643 2968 2055 3029; x_wconf 86' lang='lat' dir='ltr'>Mechliniensis</span> 
     </span>
     <span class='ocr_line' id='line_1_29' title="bbox 481 3068 2050 3150; baseline 0.004 -25"><span class='ocrx_word' id='word_1_182' title='bbox 481 3070 540 3126; x_wconf 88' lang='lat' dir='ltr'>in</span> <span class='ocrx_word' id='word_1_183' title='bbox 571 3068 888 3126; x_wconf 86' lang='lat' dir='ltr'>Brabantia.</span> <span class='ocrx_word' id='word_1_184' title='bbox 918 3068 1194 3126; x_wconf 83' lang='lat' dir='ltr'>Antonius</span> <span class='ocrx_word' id='word_1_185' title='bbox 1219 3070 1550 3147; x_wconf 81' lang='lat' dir='ltr'>Canophus,</span> <span class='ocrx_word' id='word_1_186' title='bbox 1586 3069 2050 3150; x_wconf 84' lang='lat' dir='ltr'>Archiepiscopus</span> 
     </span>
     <span class='ocr_line' id='line_1_30' title="bbox 481 3170 2046 3243; baseline 0.001 -14"><span class='ocrx_word' id='word_1_187' title='bbox 481 3171 813 3229; x_wconf 87' lang='lat' dir='ltr'>Arboreusis</span> <span class='ocrx_word' id='word_1_188' title='bbox 835 3171 893 3226; x_wconf 91' lang='lat' dir='ltr'>in</span> <span class='ocrx_word' id='word_1_189' title='bbox 916 3170 1191 3243; x_wconf 87' lang='lat' dir='ltr'>Sardinia,</span> <span class='ocrx_word' id='word_1_190' title='bbox 1218 3170 1586 3229; x_wconf 86' lang='lat' dir='ltr'>Seminarium</span> <span class='ocrx_word' id='word_1_191' title='bbox 1613 3192 1643 3229; x_wconf 84' lang='lat' dir='ltr'>a</span> <span class='ocrx_word' id='word_1_192' title='bbox 1666 3191 1723 3231; x_wconf 92' lang='lat' dir='ltr'>se</span> <span class='ocrx_word' id='word_1_193' title='bbox 1746 3171 2046 3232; x_wconf 82' lang='lat' dir='ltr'>fundatum</span> 
     </span>
     <span class='ocr_line' id='line_1_31' title="bbox 480 3272 1277 3331; baseline -0.001 -1"><span class='ocrx_word' id='word_1_194' title='bbox 480 3273 765 3331; x_wconf 87' lang='lat' dir='ltr'>Societatis</span> <span class='ocrx_word' id='word_1_195' title='bbox 803 3291 951 3330; x_wconf 85' lang='lat' dir='ltr'>curae</span> <span class='ocrx_word' id='word_1_196' title='bbox 983 3272 1277 3331; x_wconf 87' lang='lat' dir='ltr'>commisit.</span> 
     </span>
    </p>
   </div>
  </div>
 </body>
</html>
