2210 3651
496 258 622 317 204
1164 278 1405 318 EPITOME

495 382 556 438 in
612 379 878 440 custodiis
930 382 995 440 P.
1061 381 1424 462 Fayrcliffus‚
1486 385 1550 443 P.
1616 385 1960 461 Balduinus7
2021 396 2076 445 et

495 483 561 540 P.
596 484 894 545 Gervasius
916 486 1108 545 Polus.
1136 487 1343 544 Parum
1372 487 1555 546 abfuit
1585 491 1723 567 quin
1752 491 1818 548 iis
1842 498 2076 567 quartus

496 585 799 645 adderetur
831 589 896 647 P.
937 588 1177 647 Michael
1216 589 1535 667 Walpolus.
1578 591 1753 648 Exilio
1785 600 1913 648 ante
1943 611 2078 667 qua-

495 688 816 749 driennium
840 693 1140 749 damnatus
1169 691 1412 749 redierat
1443 693 1505 748 in
1534 695 1806 769 patriam.
1841 694 2077 751 latebat-

495 814 608 870 que
646 795 705 851 in
748 794 970 852 aedibus
1019 794 1318 852 Ludovicae
1371 796 1756 872 Caravajaliae⁷
1812 797 2077 874 Hispanae

495 905 794 967 matronae3
843 916 973 973 quae
1016 897 1338 955 missionem
1376 895 1668 975 Anglicam
1711 900 1917 976 opibus
1963 900 2077 957 suis

494 996 834 1074 adjuvabat⁷
880 1008 936 1055 et
969 999 1132 1056 avitae
1164 999 1474 1058 nobilitatis
1511 1002 1842 1059 auctoritate
1870 1000 2080 1058 tueba-

493 1108 607 1156 tur.
663 1099 750 1156 Ibi
804 1100 1132 1178 Walpolum
1185 1102 1508 1161 delitescere
1566 1107 1829 1183 suspicati
1879 1106 2079 1184 explo-

490 1211 733 1274 ratores7
788 1202 1024 1259 domum
1080 1204 1420 1282 irruperant.
1485 1206 1685 1266 Adfuit
1737 1209 1984 1266 monitus
2043 1227 2076 1263 a

492 1303 829 1381 Caravajalia
865 1304 1135 1362 Catholici
1172 1307 1339 1383 Regis
1369 1316 1576 1381 orator,
1610 1311 1708 1384 qui
1738 1310 1805 1367 P.
1839 1310 2078 1387 Walpo-

489 1407 612 1464 lum
641 1407 822 1485 probe
851 1408 960 1466 sibi
992 1419 1190 1467 notum
1221 1411 1445 1468 intuens
1466 1456 1480 1484 7
1513 1410 1767 1468 obsoleta
1797 1412 1855 1467 in
1885 1421 2039 1470 veste
2058 1457 2075 1484 ‚

490 1510 666 1567 instar
694 1509 891 1568 famuli
923 1521 1193 1585 stantem,
1231 1533 1361 1569 eum
1393 1512 1465 1569 ad
1503 1532 1561 1570 se
1585 1522 1745 1570 vocat
1765 1558 1779 1586 7
1814 1523 1869 1572 et
1899 1515 1949 1570 ei
1980 1514 2078 1570 dat

491 1614 757 1671 mandata
793 1614 1058 1691 quaedam
1102 1616 1353 1692 Hispano
1389 1634 1676 1689 sermone,
1714 1636 1885 1693 quem
1928 1623 2078 1673 uter-

491 1735 605 1792 que
656 1724 839 1774 norat.
890 1706 1034 1774 Cum
1069 1729 1338 1795 responsa
1379 1727 1671 1794 tamquam
1713 1718 1849 1775 hero
1881 1736 2076 1776 servus

492 1816 696 1890 ferret,
742 1817 989 1876 creditus
1026 1828 1110 1877 est
1139 1820 1424 1896 Hispanus
1461 1820 1709 1878 famulus
1747 1842 1816 1878 ex
1845 1821 2078 1877 oratoris

491 1923 790 1995 comitam,
824 1930 880 1978 et
917 1941 1046 1978 cum
1078 1941 1143 1978 eo
1175 1923 1410 2000 impune
1439 1923 1739 1997 dimissus⁷
1774 1923 1914 1981 dum
1943 1943 2078 1981 eun-

491 2024 620 2082 dem
651 2026 875 2084 lictores
898 2034 1016 2082 tota
1046 2025 1216 2082 domo
1247 2025 1455 2084 frustra
1483 2027 1918 2104 investigabant.

181 2134 453 2208 Regilbaeus
652 2128 720 2186 P.
771 2128 1050 2186 Joannem
1095 2128 1412 2206 Ogilbaeum
1463 2132 1580 2202 vis,
1635 2130 1830 2203 dolus,
1878 2131 2071 2203 amici,

151 2214 225 2255 cap
229 2207 332 2256 nur,
486 2231 803 2311 proditores
859 2232 919 2288 in
969 2231 1237 2288 ultimum
1315 2231 1618 2290 discrimen
1687 2232 2070 2289 adduxerunt.

490 2337 836 2415 Glasquum7
898 2336 1105 2394 urbem
1160 2335 1393 2410 Scotiae‚
1456 2331 1691 2413 petierat
1741 2334 1848 2392 sub
1900 2334 2118 2392 finem.

489 2440 782 2513 Octobris7
827 2449 892 2497 ut
933 2440 1141 2496 amicos
1174 2457 1464 2515 proceres,
1512 2438 1611 2513 qui
1655 2437 1911 2494 haeresim
1956 2457 2071 2493 nu-

487 2565 589 2622 per
630 2544 980 2619 abjecerant,
1028 2541 1348 2618 adjuvaret.
1400 2539 1639 2596 Illorum
1683 2558 1831 2599 unus
1873 2538 2073 2614 flagitii

488 2647 755 2724 gravioris
787 2665 915 2704 reus
933 2690 948 2720 7
991 2654 1054 2702 ut
1081 2644 1480 2722 impunitatem
1510 2663 1541 2699 a
1562 2641 1856 2719 judicibus
1885 2641 2072 2718 impe-

488 2757 691 2822 traret,
767 2747 922 2805 illam
994 2767 1179 2805 emere
1245 2745 1559 2803 Sacerdotis
1632 2742 2073 2801 innocentissimi

488 2855 601 2910 vita
643 2853 910 2911 decrevit.
957 2850 1114 2909 Adeo
1157 2870 1280 2906 rara
1323 2858 1406 2907 est
1447 2849 1591 2905 inter
1641 2847 1849 2903 amicos
1892 2844 2066 2916 fides,

488 2956 592 3015 ubi
627 2976 754 3033 spes
788 2957 986 3033 ingens
1021 2953 1211 3031 aliqua
1254 2951 1343 3010 vel
1386 2960 1569 3009 metus
1612 2946 1903 3025 objicitur!
1954 2945 2070 3002 Ita-

488 3080 602 3138 que
636 3058 860 3116 lictores
892 3065 1210 3134 comparat,
1253 3056 1351 3131 qui
1381 3061 1812 3132 praetereuntem
1851 3051 1911 3106 in
1948 3050 2069 3107 vico

489 3162 672 3220 adorti
705 3159 1040 3239 pertrahunt
1073 3157 1146 3215 ad
1183 3156 1589 3234 Glasquensem
1624 3152 2063 3232 pseudoarchie-

489 3265 808 3344 piscopum.
871 3261 1087 3322 Praesul
1143 3261 1350 3340 impius
1402 3261 1485 3317 ira
1535 3258 1703 3318 simul
1756 3267 1811 3317 et
1859 3256 2064 3336 gaudio
