2210 3651
422 216 502 274 26
1086 231 1329 270 ΕΡΙΤΟΜΕ

425 336 683 395 cladibus
725 334 935 393 incolas
972 335 1230 408 erudire,
1275 342 1731 411 prostratumque
1771 334 1996 392 Missio-

423 459 552 498 nem
588 439 798 515 erigere
840 446 1152 514 coeperant,
1199 455 1328 492 cum
1370 455 1468 492 rex
1508 433 1770 492 Arracani
1800 454 1995 493 rursus

421 540 574 598 bello
602 539 897 598 Lusitanos
928 538 1225 596 lacessivit.
1260 536 1473 595 Praeliis
1502 536 1718 615 aliquot
1752 537 1996 595 adversis

422 642 669 700 domitus
707 641 958 698 animum
1000 639 1073 697 ad
1105 660 1302 718 pacem
1336 640 1575 718 appulit.
1611 641 1741 698 Dux
1776 640 1998 697 Lusita-

395 763 621 801 norum
665 743 960 820 Philippus
1011 743 1196 801 Britus
1242 743 1309 800 P.
1357 743 1544 801 Natali
1592 742 1820 800 Salerno
1862 761 1999 819 pro-

419 845 660 903 vinciam
724 845 883 902 dedit
940 845 1317 924 componendi
1382 866 1511 904 cum
1569 865 1699 922 rege
1746 844 1992 902 foederis.

422 946 823 1005 Conditionum
851 947 974 1006 haec
994 949 1178 1027 prima
1206 948 1343 1022 fuit⁷
1370 957 1436 1005 ut
1465 947 1777 1006 Christiana
1806 946 1999 1022 religio

419 1062 775 1109 revocaretur
823 1053 882 1109 in
932 1073 1191 1130 regnum.
1242 1040 1595 1131 Hanc-pacis
1637 1052 1822 1128 legem
1872 1070 2000 1107 cum

418 1153 539 1210 Rex
568 1174 770 1232 parum
814 1164 1004 1213 sancte
1046 1164 1324 1227 servaret3
1359 1153 1580 1232 trepida
1612 1153 1837 1230 religio7
1869 1171 2000 1229 per-

418 1257 551 1315 ditis
594 1277 773 1335 prope
814 1259 1020 1332 rebus,
1061 1259 1323 1317 dubiisve
1356 1256 1668 1332 languebat
1704 1277 1715 1310 :
1750 1274 1866 1310 non
1894 1274 2001 1309 au-

416 1357 630 1416 debant
691 1360 883 1418 Patres
941 1362 1270 1438 petentibus
1319 1360 1672 1437 baptismum
1724 1359 2004 1436 indigenis

414 1465 707 1537 assentiri,
748 1484 819 1521 ne
862 1473 1079 1521 mutata
1121 1465 1278 1541 regni
1320 1463 1491 1537 facie7
1546 1463 1733 1520 datam
1782 1461 2003 1519 Christo

411 1569 587 1627 fidem
631 1578 936 1625 mutarent.
984 1568 1152 1626 Lucri
1193 1566 1452 1624 nonnihil
1502 1565 1714 1624 factum
1765 1566 1824 1620 in
1873 1583 2001 1641 par-

411 1672 582 1745 vulis,
618 1673 717 1749 qui
737 1675 960 1750 jactura
985 1672 1115 1729 vitae
1145 1670 1334 1729 brevis
1364 1690 1429 1727 ac
1458 1669 1827 1728 tumultuosae
1852 1688 2003 1728 sem-

410 1775 690 1853 piternam
713 1775 771 1832 in
802 1774 943 1856 coelo
971 1794 1167 1853 pacem
1192 1773 1381 1851 adepti
1413 1781 1566 1832 sunt.

581 1877 714 1935 Iniri
757 1877 920 1934 facile
960 1877 1160 1953 nequit
1202 1875 1504 1933 infantium
1527 1894 1829 1948 numerus,
1862 1893 2006 1951 quos

416 1979 475 2035 in
506 1979 744 2038 Molucis
774 1980 929 2037 Deus
965 1980 1071 2038 sibi
1103 1979 1250 2037 filios
1285 1979 1576 2056 adoptavit
1612 1999 1623 2034 :
1657 1996 1843 2053 neque
1875 1976 2006 2033 satis

415 2080 636 2138 laudari
680 2081 1034 2139 ethnicorum
1078 2080 1364 2138 fortunata
1397 2099 1548 2137 mors
1571 2123 1586 2152 a
1631 2097 1774 2156 quos
1808 2077 2007 2134 eodem

416 2181 612 2240 salutis
655 2183 973 2240 charactere
1003 2183 1297 2259 insignitos
1332 2190 1431 2238 aut
1466 2180 1703 2236 morbus
1736 2179 2003 2251 abstulit,

416 2294 516 2341 aut
561 2285 780 2343 bellum
829 2285 1169 2362 absumpsit.
1227 2283 1633 2340 Saracenorum
1681 2283 1786 2339 tria
1827 2283 2002 2340 millia

419 2387 620 2444 veteris
683 2388 813 2444 vitae
872 2395 1044 2464 atque
1098 2386 1402 2463 impietatis
1463 2383 1656 2443 sordes
1717 2386 1777 2441 in
1836 2388 2004 2446 sacris

415 2487 684 2566 baptismi
732 2489 896 2568 aquis
941 2488 1348 2566 deposuerunt.
1395 2487 1632 2545 Plurimi
1675 2470 2005 2546 Christianae

415 2590 572 2648 Fidei
615 2591 927 2650 desertores
969 2590 1200 2649 salutari
1245 2591 1589 2669 poenitentiae
1631 2589 1786 2648 fonte
1839 2591 2004 2668 perfi-

416 2695 568 2751 diam
604 2714 935 2774 purgavere.
985 2693 1255 2752 Sacerdos
1290 2703 1494 2772 praeter
1523 2692 1864 2770 oppidulum
1900 2694 2006 2752 iter

417 2795 648 2871 faciens,
682 2808 910 2876 rogatus
933 2819 965 2855 a
996 2798 1214 2855 civibus
1237 2805 1351 2870 est,
1377 2805 1442 2854 ut
1470 2796 1707 2874 erigeret
1737 2795 1999 2868 Crucem7

416 2904 685 2981 ipsosque
725 2904 975 2962 erudiret
1024 2923 1090 2961 ac
1139 2901 1346 2959 faceret
1397 2899 1776 2969 Christian053
1839 2897 2000 2970 fecit.

420 3005 579 3064 nullo
610 3017 864 3084 excepto,

92 3092 388 3196 ἰῃᾞῗὲζίῗζῗ
588 3108 654 3166 In
686 3109 1023 3187 Philippinis
1060 3109 1436 3167 barbarorum
1466 3106 1641 3164 fidem
1673 3104 1863 3190 divina
1893 3103 2005 3161 bo-

93 3220 350 3275 Philippinis.
424 3212 566 3270 nitas
608 3212 908 3290 praecipuis
938 3211 1284 3289 quibusdam
1314 3209 1602 3269 beneficiis
1625 3206 1997 3265 confirmavit.
