2210 3651
287 581 425 625 Missio

216 646 484 692 Madurensis.

263 1706 445 1762 Collegia

210 1769 392 1815 fundata.

250 2175 271 2194 *
284 2175 378 2218 Lib.
401 2176 447 2217 Χ
451 2176 509 2220 V.

208 2249 282 2283 ns>
298 2241 369 2283 22.

287 2540 510 2582 Fidelitatis

205 2605 487 2660 juramentum

211 2669 253 2711 in
262 2671 405 2724 Anglia
419 2684 511 2725 pro-

209 2734 387 2789 positum
400 2767 412 2790 ‚

211 3201 231 3221 ²*
249 3202 316 3242 die
328 3201 382 3242 22
392 3199 506 3253 Sept.

242 3277 319 3308 an.
343 3265 466 3308 1606.

554 251 633 310 66
1217 273 1459 311 EPITOME

550 374 733 451 prisca
767 371 875 431 loci
912 375 1173 450 numina,
1213 385 1269 434 et
1297 377 1480 436 tristes
1517 379 1717 437 erroris
1751 380 1966 458 antiqui
1995 378 2118 437 reli-

549 476 719 553 quiae.
761 475 971 534 Omnes
1005 476 1248 534 flammis
1285 477 1453 535 datae.

712 579 840 636 Non
868 588 981 635 tam
1007 580 1144 652 cim,
1170 579 1268 637 sed
1299 581 1478 638 multo
1499 581 1721 659 longius
1751 584 1808 640 in
1829 593 2117 662 posterum

547 682 818 762 processit
868 683 925 739 in
976 702 1147 759 regno
1200 681 1519 742 Madurensi
1576 705 1775 745 cursus
1833 685 2119 744 catholicae

546 784 860 862 religionis⁷
924 794 1150 842 auctore
1198 805 1262 841 ac
1319 785 1464 844 duce
1523 787 1790 847 divinitus
1841 790 2118 848 destinato

546 888 610 943 P.
659 886 909 943 Roberto
953 887 1036 943 De
1075 887 1302 961 Nobili7
1336 910 1503 966 quem
1536 891 1599 948 P.
1638 892 1951 951 Gonsalvus
1981 894 2119 950 Fer-

545 990 759 1048 nandes
796 990 956 1048 annis
995 1001 1048 1048 et
1084 991 1377 1050 laboribus
1416 992 1701 1052 confectus
1741 1012 2116 1053 successorem

545 1093 778 1170 accepit.
815 1092 867 1150 Is
905 1091 1223 1150 admirabili
1254 1095 1372 1168 via,
1407 1115 1666 1154 successu
1700 1117 1843 1174 pene
1871 1096 2119 1155 incredi-

545 1194 648 1251 bili
669 1240 683 1268 7
717 1194 1078 1272 Evangelium
1114 1196 1551 1255 Madurensibus
1581 1199 1791 1256 intulit.
1819 1200 1972 1257 Felix
2001 1202 2121 1276 ejus

545 1306 777 1353 conatus
799 1317 951 1354 nunc
981 1298 1153 1356 veluti
1176 1308 1390 1356 tentare
1418 1299 1577 1357 littus
1599 1310 1654 1357 et
1682 1302 1890 1358 vadum
1922 1321 2117 1375 ausuS‚

543 1398 603 1453 in
645 1397 823 1454 altum
860 1397 1065 1457 deinde
1105 1399 1339 1477 pelagus
1375 1400 1515 1459 coelo
1553 1404 1787 1478 juvante
1822 1412 2120 1481 provectus

543 1508 662 1572 est,
710 1508 772 1555 ut
819 1519 966 1557 anno
1010 1510 1280 1577 sequente
1323 1503 1674 1560 commodius
1717 1503 2115 1581 explicabitur,

544 1622 674 1660 cum
708 1601 799 1660 hic
835 1622 1018 1662 MDGVI
1060 1603 1208 1661 mole
1246 1623 1435 1661 rerum
1470 1626 1534 1663 ac
1569 1626 1806 1664 numero
1837 1606 2115 1665 abundet.

708 1703 994 1782 Augerent
1026 1704 1180 1763 hunc
1212 1727 1512 1764 numerum
1544 1707 1673 1786 plus
1688 1712 1843 1785 justo
1875 1708 2121 1785 Collegia

540 1807 885 1881 Molinense,
932 1807 1322 1884 Cadurcense‚
1376 1820 1432 1868 et
1481 1812 1794 1870 Viennense
1842 1813 1901 1868 in
1941 1811 2121 1868 Gallia

541 1910 650 1968 hoc
679 1929 825 1967 anno
868 1909 1136 1983 fundatag
1184 1912 1646 1989 OEnipontanum
1686 1914 1741 1969 in
1786 1914 2114 1984 Germania3

543 2011 814 2070 Adriense
842 2013 902 2091 in
925 2011 1107 2087 Italia,
1131 2023 1186 2070 et
1208 2014 1488 2087 Niciense,
1515 2016 1676 2091 cujus
1701 2014 1929 2085 duriora
1951 2013 2121 2093 paulo

540 2114 693 2171 initia
737 2115 1069 2174 suavitatem
1121 2117 1531 2175 serenissimam
1574 2126 1937 2194 pepererunt.
1980 2118 2119 2188 Quae

541 2216 738 2274 omnia·
753 2217 812 2273 in
833 2217 1093 2275 Historiae
1110 2219 1305 2294 quinta
1322 2217 1485 2275 Parte
1501 2217 1682 2276 fusius
1697 2227 2077 2295 exponuntur.
2091 2216 2119 2244 *

701 2384 924 2428 Annus
961 2380 1207 2429 Christi
1239 2381 1405 2427 16⁰7
1431 2393 1465 2428 ε.
1485 2379 1828 2428 societatis
1865 2380 1970 2428 68.

707 2527 840 2585 Post
865 2526 1145 2584 funestam
1173 2525 1327 2583 illam
1360 2526 1798 2602 conjurationem
1826 2525 1885 2581 in
1906 2526 2118 2603 Regem

543 2627 759 2706 Angliae
793 2630 1123 2702 conflatam,
1155 2630 1275 2687 Rex
1309 2629 1470 2706 quasi
1504 2627 1576 2684 ad
1611 2627 1964 2705 probandam
1997 2646 2121 2684 suo-

541 2752 666 2789 rum
711 2731 1071 2805 fidelitatem7
1112 2739 1482 2810 proposuerat
1523 2731 1789 2788 omnibus
1813 2730 2116 2807 juramenti

541 2835 847 2912 quamdam
891 2833 1229 2904 formulam,
1276 2853 1388 2910 qua
1427 2832 1632 2910 singuli
1679 2831 2112 2909 profitebantur,

543 2955 601 2994 se
632 2955 924 2994 mansuros
965 2937 1025 2992 in
1062 2935 1175 2992 fide
1211 2945 1266 2992 et
1299 2943 1570 3012 potestate
1613 2933 1911 3011 principis3
1954 2933 2116 2990 certis

542 3039 994 3111 conditionibus,
1030 3059 1158 3115 quae
1189 3039 1425 3095 Romani
1468 3037 1752 3095 Pontificis
1775 3039 1869 3113 jus
1904 3046 1958 3093 et
1991 3057 2120 3094 auc-

541 3144 819 3201 toritatem
851 3142 1286 3200 imminuebant.
1327 3142 1572 3199 Monitus
1602 3138 1858 3197 Pontifex
1887 3140 2116 3216 scripse-

543 3248 683 3305 rat*
712 3247 994 3305 neminem
1036 3245 1186 3304 salva
1227 3245 1343 3304 fide
1384 3244 1653 3303 catholica
1696 3253 1751 3301 et
1795 3244 1912 3301 sine
1952 3241 2115 3299 detri-
