2210 3651
251 655 356 696 Socii
409 658 493 697 LVI

186 720 398 762 Peruviam
431 722 493 764 in-

183 786 324 837 gressi.

184 1480 223 1518 1.
248 1479 365 1520 Petr.
387 1481 427 1520 ⁶2.

542 221 618 281 32
1203 243 1457 284 EPITOME.

537 366 569 401 a
610 343 883 403 Societate
932 356 1268 423 quaererent.
1318 346 1642 407 Adfuerunt
1670 351 1839 421 ,missi
1880 351 1953 409 ab
2004 351 2114 411 illis

535 446 638 502 viri
673 465 704 504 e
740 455 854 503 tota
892 456 1057 524 gente
1098 447 1259 522 lecti,
1300 458 1366 505 ut
1403 470 1495 508 eas
1532 461 1790 510 accurate
1824 463 2115 532 perceptas

533 559 883 628 reportarent
925 550 1193 623 domum,
1244 552 1553 630 ceterisque
1598 554 1902 612 traderent.

701 654 810 725 Qui
841 653 1115 710 barbaros
1143 654 1311 710 ardor
1341 655 1669 714 stimulabat
1697 658 1771 714 ad
1802 657 2114 715 Christiana

531 776 687 816 sacra
719 755 1107 834 suscipienda,
1141 755 1292 813 idem
1324 757 1515 817 Patres
1546 759 1784 835 urgebat
1813 759 1885 816 ad
1915 758 2113 816 eadem

528 859 639 917 illis
684 858 999 916 inferenda.
1048 858 1247 936 Itaque
1291 860 1424 917 socii
1472 880 1567 919 sex
1606 870 1660 918 et
1704 863 2114 939 quinquaginta

525 963 764 1020 Peruam
787 960 895 1017 hoc
925 980 1072 1018 anno
1096 970 1228 1019 sunt
1255 962 1520 1039 ingressi:
1543 983 1788 1040 quorum
1817 963 2112 1021 laboribus

522 1084 708 1123 mores
753 1063 1172 1142 neophytorum
1216 1064 1505 1143 plerisque
1539 1066 1599 1122 in
1640 1065 1777 1124 locis
1813 1066 1953 1123 adeo
1990 1086 2112 1122 mu-

520 1176 667 1225 tatos
729 1164 902 1224 fuisse
957 1174 1204 1240 constat,
1264 1176 1329 1223 ut
1384 1167 1618 1243 integrae
1676 1169 1924 1227 civitates
1974 1168 2110 1226 alias

521 1268 947 1346 quodammodo
1002 1287 1060 1326 se
1110 1287 1230 1326 esse
1280 1267 1621 1324 mirarentur
1671 1278 1726 1322 et
1773 1268 2105 1344 gauderent.

521 1370 795 1426 Indorum
847 1387 978 1425 vero
1032 1386 1217 1425 mores
1267 1369 1344 1424 ita
1394 1376 1756 1445 repurgatos,
1819 1378 1884 1425 ut
1933 1373 2115 1445 quasi

520 1471 688 1529 modo
723 1473 924 1548 yevzz'ti
960 1471 1258 1544 infanteS,
1302 1468 1694 1526 rationabiles
1701 1512 1723 1539 2
1764 1473 1890 1526 Sine
1925 1469 2053 1526 dolo
2082 1468 2109 1495 *

519 1574 760 1633 eoelestis
817 1573 947 1629 vitae
1006 1570 1391 1647 doctrinaeque
1447 1569 1543 1626 Zao
1600 1574 2103 1648 concupiscerent.

516 1679 583 1737 In
624 1678 690 1735 iis
732 1675 940 1753 reperti
983 1681 1117 1731 sunt
1164 1673 1296 1730 caeei
1340 1671 1495 1751 (nam
1531 1671 1597 1730 iis
1631 1672 1784 1750 regio
1826 1673 2107 1754 abundat)

514 1783 658 1840 mira
717 1777 941 1838 solertia
994 1774 1258 1855 praediti„
1302 1774 1411 1833 Eos
1459 1775 1754 1833 instituere
1810 1775 2109 1852 diligenter

514 1884 671 1944 Fidei
714 1879 1050 1941 rudimentis
1085 1877 1330 1956 placuit,
1370 1897 1500 1956 quae
1535 1879 1723 1937 statim
1763 1879 2107 1936 mandarunt

514 1984 835 2056 memoriae,
898 1991 954 2039 et
1012 1980 1403 2039 sacerdotibus
1462 1999 1692 2058 operam
1748 1980 2106 2038 utilissimam

512 2087 897 2144 navaverunt.
937 2083 1118 2140 Iidem
1158 2084 1216 2139 in
1274 2083 1613 2159 longinguos
1659 2082 1847 2139 emissi
1888 2093 2100 2161 pagOS,

514 2189 894 2248 audiebantur
922 2185 996 2242 ab
1028 2184 1310 2262 indigenis
1342 2204 1564 2243 summa
1596 2203 1727 2240 cum
1759 2183 2049 2261 voluptate
2086 2208 2098 2242 2

513 2290 894 2369 subjiciebant
932 2286 1184 2344 concioni
1229 2286 1351 2362 pias
1396 2283 1815 2357 cantiunculas,
1855 2293 1911 2342 et
1951 2287 2103 2362 peti-

511 2406 595 2454 tas
634 2414 665 2452 e
705 2393 873 2451 saeris
902 2388 1064 2446 libris
1100 2386 1361 2446 historias
1393 2407 1615 2446 summa
1646 2406 1777 2445 cum
1808 2397 2101 2448 venustate

509 2495 838 2555 narrabant.
901 2491 1074 2550 Caecis
1133 2489 1421 2547 interdum
1471 2484 1863 2567 jungebantur
1917 2493 2097 2567 muti,

511 2598 725 2678 quibus
767 2615 940 2654 unam
985 2601 1189 2650 natura
1228 2575 1483 2670 linguam
1530 2593 1608 2649 ita
1651 2600 1983 2669 negaverat,
2034 2604 2100 2651 ut

511 2706 647 2764 alias
696 2702 934 2760 totidem
977 2697 1202 2756 dedisse
1249 2696 1565 2769 videretur,
1617 2703 1759 2773 quot
1806 2695 1867 2753 in
1917 2696 2098 2773 capite

508 2817 719 2881 nutus,
774 2813 915 2882 quot
964 2803 1025 2859 in
1074 2799 1339 2858 manibus
1388 2797 1569 2875 digiti.
1623 2798 1763 2871 Quae
1813 2807 2097 2876 praecepta

510 2919 715 2972 sanetae
756 2907 896 2984 legis
927 2904 1060 2963 caeci
1097 2901 1462 2982 proferebant
1491 2920 1656 2975 voce,
1700 2921 1765 2959 ea
1793 2901 1938 2958 muti
1965 2885 2096 2958 θοι]-Δ

507 3015 579 3072 lis
628 3009 1060 3088 eloquentibus,
1122 3015 1193 3070 et„
1234 3004 1413 3063 vocali
1465 3013 1627 3082 gestu
1675 3001 2087 3081 exprimebant.

507 3117 598 3176 Sic
635 3113 823 3172 alteris
858 3111 1018 3168 alteri
1049 3108 1207 3187 quod
1243 3107 1435 3166 deerat
1473 3104 1925 3179 commodantes,
1963 3123 2093 3161 ocu-

506 3220 577 3281 lis
621 3217 972 3294 auribusque
1020 3222 1248 3274 attentae
1307 3232 1526 3272 coronae
1581 3201 1921 3270 serviebant.
1982 3206 2088 3267 Alii
