2210 3651
177 1640 312 1683 Tertia
332 1641 373 1682 in

120 1705 294 1758 Japonia
323 1706 416 1747 reli-

121 1769 255 1822 gionis
298 1783 417 1813 vexa-

120 1833 193 1876 tio.

462 292 490 350 1
501 291 579 350 724
1116 315 1358 354 EPITOME

457 415 779 492 aequitatem
814 416 1030 494 ubique
1065 425 1255 474 notam
1289 436 1353 474 ac
1387 419 1733 477 severitatem
1776 420 2023 478 reformi-

458 519 599 577 dans
635 520 1024 593 Gubernator,
1058 518 1338 595 simulque
1379 520 1576 596 populi
1627 521 1875 579 convicio
1919 531 2023 580 ter-

456 621 597 679 ritus
614 665 628 693 ,
654 621 753 698 qui
782 641 1016 679 annonae
1046 621 1326 677 caritatem
1345 663 1359 692 ,
1386 622 1697 680 vastitatem
1722 642 2016 699 agrorum,

455 722 858 800 pestilentiam,
910 723 1156 799 aliasque
1196 721 1350 779 velut
1399 731 1548 779 ortas
1591 743 1658 779 ex
1705 725 2015 801 composito

454 824 712 901 publicas
765 824 1133 897 calamitates,
1186 824 1371 901 ejectis
1421 823 1629 880 indicta
1680 844 1845 882 causa
1893 835 1948 883 et
1989 846 2023 883 a

456 925 622 1001 culpa
672 926 900 983 remotis
943 925 1205 983 Patribus
1253 925 1600 1001 assignabat,
1655 934 1876 984 coactus
1918 926 2026 983 fuit

453 1027 862 1102 iniquissimam
885 1027 1030 1085 exilii
1053 1027 1232 1103 legem
1262 1026 1532 1103 abrogare
1561 1049 1571 1083 ε
1600 1026 1706 1083 hoc
1731 1027 2024 1084 dumtaxat

454 1129 644 1206 petiit,
696 1138 760 1186 ut
808 1149 878 1187 ne
927 1129 1172 1186 redirent
1220 1128 1375 1205 prius
1425 1129 1484 1185 in
1535 1129 1737 1186 urbem
1794 1128 2021 1202 PatreS,

454 1251 625 1308 quam
661 1233 780 1309 ipse
812 1233 1141 1308 magistratu
1180 1231 1427 1288 abiisset.

617 1333 754 1388 Haec
788 1342 941 1392 sexta
972 1332 1259 1390 Societatis
1291 1331 1350 1386 in
1386 1329 1627 1406 Imperio
1655 1328 1873 1388 Sinensi
1906 1349 2030 1407 per-

453 1434 693 1506 secutiO,
735 1442 791 1491 et
822 1442 1052 1511 propter
1094 1434 1423 1491 brevitatem
1460 1443 1515 1490 et
1549 1443 1778 1511 propter
1812 1436 2024 1493 exitum

451 1554 566 1590 non
606 1533 915 1607 infelicem,
949 1543 1260 1611 utcumque
1296 1534 1602 1593 tolerabilis
1637 1537 1874 1608 exstitit3
1908 1555 2022 1593 non

453 1637 586 1694 item
609 1637 769 1694 tertia
798 1636 1090 1713 Japonica,
1124 1640 1283 1713 cujus
1310 1637 1627 1696 immanitas
1649 1648 1704 1696 et
1726 1648 2024 1716 sequentes

451 1757 626 1796 annos
656 1737 973 1814 complures
1003 1736 1322 1796 funestavit.
1372 1739 1655 1798 Hactenus
1698 1740 2022 1800 Daifusama

452 1840 524 1897 de
574 1838 899 1897 Christianis
947 1848 1063 1896 tota
1113 1840 1349 1917 Japonia
1400 1841 1834 1900 exterminandis
1877 1843 2025 1900 deli-

450 1942 778 2014 beraverat,
831 1942 1078 2000 amorem
1136 1944 1280 2001 inter
1329 1953 1657 2020 metumque
1705 1944 2020 2017 fluctuan53

449 2063 695 2101 amorem
739 2045 1054 2103 commercii
1083 2065 1182 2122 per
1219 2045 1519 2123 Europaeos
1559 2055 1891 2105 mercatores
1920 2047 2022 2103 im-

447 2147 675 2223 portati,
708 2165 821 2224 quo
844 2146 1180 2219 ditescebat;
1217 2157 1426 2206 metum
1458 2148 1676 2225 imperii
1702 2147 2017 2222 amittendi,

449 2248 495 2306 si
529 2248 732 2306 Christi
783 2248 1023 2307 cultores
1059 2269 1123 2306 ac
1157 2249 1465 2326 praesertim
1507 2249 1695 2306 Patres
1732 2248 2020 2306 Societatis

449 2351 724 2410 valescere
773 2361 1086 2430 pateretur,
1143 2350 1352 2427 quibus
1393 2348 1453 2405 id
1495 2368 1612 2406 esse
1669 2336 2018 2426 propositum

448 2453 556 2512 sibi
598 2453 737 2512 salso
779 2462 1161 2531 persuaserat,
1202 2461 1265 2508 ut
1307 2451 1600 2529 Japoniam
1647 2450 1866 2510 Christo
1907 2453 2018 2529 pri-

447 2576 635 2627 mum,
700 2555 902 2612 deinde
951 2555 1064 2613 suis
1120 2553 1348 2630 regibus
1407 2553 1763 2629 subjicerent.
1830 2552 2015 2611 Metus

447 2676 692 2713 amorem
723 2656 940 2715 extudit
969 2678 981 2713 ε
1009 2656 1242 2734 perdere
1270 2655 1396 2714 illos
1426 2656 1711 2714 constituit
1740 2676 1770 2713 a
1801 2655 2013 2734 quibus

448 2758 710 2832 timebat,
759 2778 830 2817 ne
870 2760 1094 2837 periret.
1143 2758 1374 2817 Distulit
1419 2757 1747 2835 aliquandiu
1788 2757 2016 2815 illorum
2077 2775 2083 2777 ’

446 2861 779 2936 perniciem,
839 2861 1017 2919 donec
1060 2862 1362 2939 potentiam
1423 2878 1579 2918 suam
1636 2860 2008 2917 confirmaret.

447 2960 784 3037 Explorabat
813 2963 1033 3020 interim
1062 2982 1356 3040 procerum
1381 2982 1445 3019 ac
1465 2962 1786 3039 regulorum
1817 2958 2009 3017 volun-

447 3073 615 3137 tateS,
660 3072 715 3120 et
744 3083 843 3140 per
883 3083 977 3121 eos
1017 3063 1158 3120 clam
1197 3063 1481 3121 saeviebat.
1523 3065 1686 3121 Nunc
1719 3053 1818 3138 per
1854 3080 2005 3134 sese,

446 3185 600 3221 nunc
647 3165 850 3242 apertis
890 3174 946 3221 et
985 3164 1246 3241 professis
1284 3164 1423 3223 odiis
1465 3163 1655 3237 exilia,
1702 3162 1911 3221 ferrum
1953 3170 2011 3219 et

443 3267 703 3326 flammas
759 3267 1040 3326 adhibuit.
1097 3267 1172 3327 Ut
1228 3285 1370 3326 saeva
1423 3275 1726 3324 maturaret
1781 3263 2005 3323 consilia
