2210 3651
443 301 715 340 HISTORIAE
755 296 1071 336 SOCIETATIS
1114 300 1265 338 JESU.
1513 278 1629 336 221

82 408 388 482 seoeayi'nta
434 403 555 459 dies
606 405 708 458 ‘oisc
755 404 964 478 aspexi
1001 423 1021 456 .·
1064 401 1395 478 maliqnam
1443 402 1636 459 lucem

82 510 244 563 rima
289 507 483 561 vitiosi
502 505 760 580 parietis
789 503 1035 579 praebet.
1070 500 1316 558 AEstum
1352 502 1637 559 intolera-

80 604 256 663 bilem
283 613 505 683 auyent
535 604 650 660 looi
671 606 985 681 anqustice.
1019 600 1099 658 In
1120 605 1384 658 vicinum
1405 621 1639 680 paqum

80 705 400 763 identidem
441 726 719 775 eoeourro,
749 704 848 761 sed
882 707 1030 781 quia
1071 703 1250 760 latere
1279 707 1347 759 in
1379 723 1436 759 eo
1460 702 1641 777 facile

80 826 201 863 non
217 828 485 883 possum,
510 811 579 862 in
601 816 852 862 antrum
875 826 1071 862 meum
1094 825 1183 861 me
1194 806 1478 881 protinus
1498 805 1640 858 reoi-

70 913 197 986 pio.
247 910 403 968 Alius
433 912 507 967 ita
551 910 745 967 scribit
774 930 785 965 :
838 907 953 964 Ter
980 909 1082 965 hoo
1115 928 1272 964 anno
1308 905 1641 963 Groouram

73 1015 268 1089 petivi
295 1011 577 1088 (primaria
622 1012 811 1067 civitas
845 1020 930 1067 est
967 1011 1122 1086 regni
1157 1007 1488 1085 Bungensis)
1522 1025 1641 1062 non

77 1116 203 1169 sine
231 1116 465 1189 ingenti
489 1111 681 1168 labore
719 1131 789 1167 ao
821 1109 1112 1187 periculo,
1145 1106 1343 1165 Noetu
1371 1116 1501 1163 erat
1527 1110 1643 1162 iter

72 1213 456 1288 faciendum,
502 1216 702 1290 iqnota
737 1231 885 1287 soepe
929 1214 1057 1280 via,
1093 1231 1242 1287 soepe
1290 1210 1554 1285 abrupta
1589 1215 1644 1262 et

68 1319 407 1392 proeoipiti,
465 1335 536 1371 ao
591 1314 842 1370 deserta.
907 1311 1224 1369 Interdum
1293 1311 1642 1368 corruebam

75 1435 197 1472 non
229 1419 356 1472 sine
401 1415 749 1471 vulneribus
798 1423 852 1470 et
895 1417 1032 1471 vitoe
1071 1411 1365 1490 periculo.
1418 1409 1637 1479 AEstu,

71 1518 298 1594 frzyore
326 1538 396 1574 ao
428 1518 590 1592 fame
627 1516 921 1591 oonf'eotus
953 1518 1020 1570 in
1056 1515 1329 1571 morbum
1369 1522 1456 1568 ter
1493 1531 1642 1587 qua-

77 1627 232 1674 terve
278 1618 490 1675 incidi.
539 1616 654 1674 Via¹
697 1626 865 1672 tutus
902 1636 1066 1685 sum,
1112 1616 1188 1671 ait
1228 1616 1404 1687 alius,
1449 1619 1518 1670 in
1551 1618 1642 1670 in-

77 1722 222 1775 timo
282 1728 338 1774 et
389 1717 635 1775 humido
692 1737 840 1773 casce
896 1715 1137 1793 anyulo.
1201 1715 1422 1794 Hospes
1478 1737 1642 1774 meus

3 1877 7 1880 .
81 1840 192 1894 neo
224 1819 427 1877 liberis
447 1837 578 1877 “nee
620 1819 875 1895 famulis
913 1818 1070 1894 fidit.
1131 1817 1304 1876 Clam
1344 1819 1647 1875 submittit

78 1920 238 1977 mihi
279 1920 546 1997 paulum
593 1940 782 1997 oryzoe
846 1940 1008 1995 aqua
1054 1929 1242 1976 oootoe.
1300 1918 1645 1975 Domestiois

77 2041 276 2078 somno
311 2024 598 2098 oppressis
619 2021 828 2098 pedem
863 2021 1030 2097 effero
1073 2024 1422 2096 intempesta
1452 2029 1642 2089 noete,

81 2142 195 2198 quo
233 2122 395 2180 salus
447 2127 802 2178 animarum
851 2132 1032 2178 voeat.
1099 2119 1200 2177 Ea·
1253 2119 1472 2197 anguli
1529 2121 1650 2175 mei

70 2224 309 2301 poedore
337 2224 512 2280 uvido
533 2244 741 2300 yraves
778 2222 1036 2279 laterum
1075 2222 1293 2278 dolores
1333 2222 1642 2289 contraxi,

81 2328 194 2402 qui
246 2345 428 2400 neque
474 2333 631 2381 stare
679 2345 770 2380 me
782 2367 803 2394 2
866 2344 971 2380 nee
1013 2327 1220 2402 jacere
1281 2326 1638 2400 patiuntur.

81 2422 343 2482 Animus
372 2425 601 2482 loetitiis
630 2427 901 2483 omnibus
929 2428 1124 2504 affluit
1136 2470 1156 2497 ,
1187 2447 1319 2502 quce
1346 2429 1415 2481 in
1443 2428 1645 2500 ipsum

80 2528 484 2585 redundantes
543 2548 786 2605 eorpus,
820 2554 825 2560 ·
854 2529 1127 2585 morbum
1176 2537 1231 2583 et
1277 2523 1645 2583 incommoda

83 2639 271 2686 cetera
306 2629 704 2686 consolantur:
748 2629 1034 2705 Ejusmodi
1076 2628 1338 2685 aerumnis
1376 2625 1489 2682 duo
1525 2643 1645 2681 suc-

83 2729 404 2787 cubuerunt
439 2750 582 2788 anno
611 2750 811 2787 Mncxv
855 2752 865 2785 :
899 2731 962 2787 F.
1007 2730 1257 2787 Mancius
1293 2728 1642 2803 Misoguccus

80 2831 297 2907 Japon7
344 2851 532 2888 mense
580 2832 913 2902 Februari0‚
975 2842 1030 2888 et
1069 2831 1135 2888 P.
1186 2830 1437 2888 Maneius
1487 2828 1643 2885 Fira-

81 2931 387 3008 bayascus7
426 2932 618 2991 itidem
650 2934 830 3011 Japon
852 2978 866 3007 7
903 2952 1092 2992 mense
1119 2932 1337 2990 Martio,
