2210 3651
465 264 738 302 msTomAE
780 262 1101 300 soC1ETAT1s
1145 265 1296 302 Jsssu.
1628 243 1666 301 5

108 367 435 427 clarissimos
478 368 621 424 cives
672 375 784 422 tam
835 365 981 422 bene
1032 365 1103 421 de
1161 365 1430 422 Societate
1479 376 1665 426 nostra

104 469 358 540 meritos,
421 476 574 545 grata
635 485 853 542 semper
916 466 1183 522 memoria
1234 485 1660 543 prosequemur.

103 567 417 644 Aquitaniae
465 569 669 646 pariter
713 565 1005 623 domiciliis
1057 587 1127 623 ne
1183 566 1321 643 quid
1370 565 1665 623 inferretur

103 668 372 726 molestiae
430 668 516 725 vel
580 668 769 724 damni
827 669 1001 724 vetuit
1059 689 1069 723 :
1125 667 1234 723 lata
1283 669 1341 723 in
1392 668 1663 724 Comitem

106 768 485 843 Turnonium,
526 771 623 847 qui
663 769 848 827 Socios
887 769 1028 826 urbe
1067 788 1163 826 sua
1202 769 1408 847 pellere
1436 772 1662 827 omnino

102 873 431 944 recusabat,
486 893 515 928 a
567 872 772 929 Senatu
829 871 1121 928 Parisiensi
1179 871 1359 928 edicta
1416 871 1659 929 rescidit.

102 972 166 1029 P.
213 973 439 1030 Petrum
483 974 757 1031 Cotonum
804 991 918 1030 suae
963 973 1308 1029 conscientiae
1354 973 1659 1044 arbitrum,

99 1084 155 1132 et
203 1077 417 1153 regium
480 1077 537 1132 in
586 1076 712 1132 aula
787 1076 1231 1133 concionatorem
1302 1093 1421 1132 esse
1470 1075 1658 1150 jussit.

99 1176 343 1234 Domum
397 1197 553 1236 suam
605 1177 982 1249 Flexiensem,
1035 1176 1205 1253 regali
1257 1175 1665 1253 magnificentia

104 1287 402 1353 structam,
442 1281 498 1334 in
528 1297 660 1354 agro
692 1279 1113 1355 Andegavensi,
1152 1278 1315 1336 nobis
1345 1276 1664 1334 habendam

98 1379 157 1434 in
193 1390 528 1455 perpetuum
565 1378 813 1436 donavit.
850 1380 1070 1452 Patres,
1103 1382 1529 1456 praecipuosque
1556 1379 1663 1436 fori

98 1487 154 1537 et
188 1478 330 1535 aulae
364 1498 641 1556 proceres,
673 1498 774 1556 pro
808 1479 1091 1536 Societatis
1120 1480 1455 1551 innocentia,
1493 1479 1661 1536 modo

98 1582 390 1659 privatim,
428 1581 597 1638 modo
627 1582 855 1659 publice
878 1588 1228 1660 peroranteS,
1261 1582 1507 1659 primum
1543 1580 1662 1639 Ble-

97 1685 195 1757 sis,
229 1685 431 1742 deinde
459 1685 700 1758 Parisiis,
733 1695 923 1763 postea
955 1684 1137 1757 Metis,
1171 1693 1226 1740 et
1255 1683 1389 1739 alibi
1419 1683 1662 1759 benigne

95 1785 329 1843 audivit.
391 1786 677 1844 Postremo
735 1789 1108 1864 Rotomagum
1169 1786 1451 1864 profectus
1513 1803 1660 1842 anno

95 1910 281 1947 MDcm
310 1889 556 1947 edictum
585 1890 943 1949 restituendae
981 1891 1263 1948 Societatis
1292 1891 1372 1947 ibi
1401 1888 1660 1968 promul-

95 1994 213 2069 gari
256 1995 445 2069 jussitss
496 1994 645 2050 Illud
697 2003 918 2051 senatus
976 1992 1297 2051 Parisiensis
1350 1991 1553 2049 referre
1601 1991 1660 2045 in

98 2092 318 2149 tabulas
359 2094 646 2168 publicas,
695 2095 947 2169 utregia
989 2093 1128 2151 solet
1170 2095 1379 2162 edicta,
1427 2100 1658 2148 cuncta-

92 2193 263 2250 batur
304 2215 316 2250 :
371 2203 426 2251 et
469 2194 704 2251 Senatus
750 2195 958 2251 Praeses
1017 2193 1188 2250 semel
1240 2203 1407 2270 atque
1455 2193 1659 2249 iterum

92 2295 447 2368 admonitus,
481 2295 627 2353 diem
653 2316 720 2353 ex
749 2294 839 2351 die
870 2293 1135 2350 ducebat.
1172 2293 1475 2351 Instantem
1507 2292 1660 2350 deni-

95 2417 206 2474 que
253 2406 658 2473 urgentemque
701 2417 889 2474 regem
931 2396 1272 2469 obtestatus,
1319 2406 1382 2452 ut
1425 2395 1533 2452 sibi
1577 2395 1660 2455 fas

91 2508 237 2557 esset
272 2520 398 2575 quae
438 2501 496 2555 in
529 2501 693 2577 Regis
735 2500 910 2577 ipsius
954 2519 1072 2555 rem
1109 2518 1171 2555 ac
1212 2497 1499 2575 publicam
1543 2518 1662 2557 esse

94 2599 449 2673 viderentur,
504 2601 682 2659 libere
733 2621 1073 2679 proponere,
1128 2600 1299 2657 verba
1341 2619 1441 2677 per
1489 2601 1660 2658 semi-

92 2699 289 2757 horam
331 2701 490 2775 fecit,
538 2713 593 2760 et
642 2705 888 2761 oratione
941 2703 1235 2777 meditata,
1290 2705 1379 2760 cui
1430 2705 1542 2761 vim
1595 2724 1660 2761 ac

93 2803 320 2881 pondus
368 2804 613 2863 addebat
664 2807 772 2864 oris
819 2806 1092 2883 dignitas,
1147 2807 1295 2863 vocis
1344 2807 1654 2878 contentio,

96 2915 152 2962 et
184 2907 408 2964 innatus
459 2908 680 2965 dicendi
733 2908 924 2985 lepos,
975 2909 1232 2985 exposuit
1283 2926 1659 2984 quaecumque

93 3007 153 3063 in
194 3008 519 3066 Societatem
561 3009 830 3066 invidiose
874 3008 1019 3065 dicta
1063 3019 1117 3066 et
1157 3009 1285 3066 ficta
1326 3008 1416 3065 vel
1457 3007 1659 3063 memi-

97 3110 271 3167 nisset
305 3113 456 3188 ipse,
496 3112 583 3169 vel
627 3133 693 3169 ex
733 3112 852 3169 aliis
894 3111 1229 3185 audivisset,
1275 3110 1414 3167 adeo
1457 3118 1520 3166 ut
1560 3106 1659 3182 qui

100 3209 331 3268 aderant
359 3232 390 3269 e
417 3214 744 3290 proceribus
774 3214 938 3272 nobis
980 3214 1156 3271 dediti
1186 3212 1620 3291 expallescerent
1640 3252 1655 3281 ,
