2210 3651
470 250 742 288 ms‘romffi
781 252 1100 292 SOCIETATIS
1142 258 1292 297 snsu.
1586 243 1662 304 73

109 356 270 407 tenus
311 351 514 411 tirones
555 352 971 431 habitaverant,
1012 358 1361 421 Probationis
1403 367 1658 428 domum.

109 451 386 527 Hagenoae
426 459 777 534 gymnasium
820 460 1103 518 urbanum
1134 462 1363 538 regebat
1392 465 1664 529 Luthera-

103 569 210 609 nus
235 553 690 631 Gymnasiarcha.
723 560 799 617 Eo
837 562 1150 639 pestilentia
1174 565 1399 624 sublato
1431 568 1663 631 Senatus

99 649 244 709 illud
273 655 557 732 Societati,
591 682 717 738 quae
754 665 1045 722 stationem
1075 666 1130 721 in
1168 667 1387 725 civitate
1424 671 1541 744 jam
1572 670 1665 728 ha-

98 751 301 834 bebat,
336 760 585 820 tradidit.
629 762 974 841 Lingonense
1011 767 1069 823 in
1100 767 1278 825 Gallia
1308 769 1476 826 modo
1513 770 1663 829 desi-

96 865 363 932 gnatum,
405 862 504 919 sed
539 884 683 921 anno
725 875 940 924 tantum
983 889 1224 927 mncxxx
1256 873 1660 947 constitutum,

95 964 150 1012 et
178 958 519 1021 inchoatum.
555 967 881 1026 Nivernensi
911 990 1110 1031 manus
1141 973 1337 1031 ultima
1374 974 1481 1033 hoc
1517 996 1662 1033 anno

92 1061 347 1134 accessit,
401 1064 534 1122 item
593 1067 1114 1148 Carpentoratensi,
1168 1084 1223 1133 et
1273 1074 1656 1137 Ambianensi.

91 1155 266 1218 Datus
309 1164 494 1225 aditus
533 1169 593 1225 in
633 1170 963 1247 Vallesiam,
1007 1185 1061 1233 et
1101 1176 1260 1236 sedes
1299 1180 1453 1257 apud
1494 1180 1662 1260 Arag-

88 1280 288 1323 nenses
332 1249 619 1329 collocata.
678 1274 989 1353 Dilinganae
1031 1276 1347 1337 Academiae
1386 1284 1662 1359 possessio

91 1365 415 1424 confirmata
473 1370 727 1429 Societati
773 1384 828 1432 et
881 1377 940 1433 in
996 1389 1332 1455 perpetuum
1383 1383 1657 1454 stabilita3

90 1465 320 1540 Graecii,
385 1470 688 1530 fundatum
745 1474 853 1531 fuit
913 1476 987 1533 ab
1045 1476 1360 1538 Archiduce
1423 1482 1662 1542 Austriae

84 1564 476 1645 Ferdinando,
542 1584 736 1651 postea
793 1574 1136 1654 Imperatore
1187 1579 1356 1657 hujus
1419 1585 1660 1643 nominis

83 1672 367 1746 secundO,
414 1674 818 1752 Seminarium,
872 1688 928 1736 et
963 1680 1036 1737 ab
1074 1684 1193 1758 ejus
1223 1684 1449 1743 nomine
1490 1705 1660 1745 voca-

81 1776 205 1828 tum
234 1773 725 1836 Ferdinandaeum.

7 1857 11 1861 ⁴
243 1873 578 1936 Distulimus
606 1880 884 1941 missionis
919 1882 1271 1945 Madurensis
1299 1888 1485 1964 initia,
1518 1911 1656 1968 pro-

82 1972 217 2050 dig-ii
264 1977 575 2053 simillima,
620 1982 678 2037 in
721 1982 874 2041 hunc
921 2006 1103 2063 usque
1143 2009 1353 2048 annum
1401 2013 1514 2069 quo
1555 2016 1656 2071 per

78 2074 144 2130 P.
207 2076 519 2136 Robertum
569 2082 861 2142 Nobilium
910 2086 1143 2146 feliciter
1194 2101 1278 2149 est
1328 2097 1649 2155 constituta.

80 2174 182 2233 Ille
225 2176 515 2236 Maduram
560 2202 706 2240 anno
755 2188 1040 2262 superiore
1079 2189 1393 2267 ingreSSUS,
1444 2215 1653 2273 paucos

77 2275 385 2335 admodum
425 2280 715 2359 indigenas
759 2304 968 2363 eosque
1012 2289 1294 2349 duntaxat
1343 2314 1411 2352 ex
1460 2297 1653 2357 infima

77 2376 280 2455 plebe,
330 2380 548 2440 Christo
586 2384 719 2443 dare
761 2407 967 2447 nomen
1004 2390 1342 2470 obstupuit:
1389 2401 1651 2473 quamvis

75 2479 267 2538 Patres
303 2483 444 2539 nulli
474 2498 765 2562 parcerent
802 2509 986 2567 operae
1015 2512 1088 2551 ‚ac
1117 2494 1298 2552 labori
1336 2497 1407 2553 ad
1437 2518 1650 2576 propa-

73 2582 316 2659 gandam
363 2586 709 2664 religionem.
773 2593 1011 2652 Causam
1063 2597 1296 2674 ingratae
1346 2602 1648 2664 sterilitatis

72 2682 133 2739 in
181 2704 313 2761 agro
361 2696 476 2745 tam
517 2690 664 2749 bene
714 2694 864 2751 culto
908 2707 1286 2772 perscrutatus
1337 2701 1482 2760 hanc
1527 2725 1647 2764 esse

77 2784 477 2863 deprehendit,
539 2794 694 2869 quod
744 2796 934 2855 Patres
988 2809 1164 2857 certas
1222 2802 1644 2865 Madurensium

74 2889 505 2949 consuetudines
554 2913 619 2951 ac
668 2894 819 2972 leges
869 2899 1244 2976 negligerent,
1297 2924 1361 2962 ac
1404 2926 1641 2982 praeser-

75 2986 177 3043 tim
218 2989 401 3064 illam,
447 3014 576 3070 quae
619 2996 763 3056 cives
804 2998 1135 3062 honestioris
1183 3005 1393 3064 ordinis
1436 3029 1467 3065 a
1509 3009 1643 3067 faece

75 3090 273 3165 populi
314 3097 577 3169 secernit,
620 3098 697 3154 ita
737 3109 800 3156 ut
828 3122 1011 3179 neque
1054 3110 1413 3182 commercia,
1460 3129 1643 3185 neque

79 3187 390 3252 doctrinam
432 3205 487 3254 et
529 3217 683 3258 sacra
732 3201 876 3262 inter
912 3224 971 3265 se
1011 3206 1257 3268 habeant
1298 3209 1635 3273 communia.

1745 1899 1792 1940 In
1820 1900 1987 1943 Madura

1718 1964 1764 2005 P.
1824 1965 1986 2006 Roberti

1716 2029 1764 2069 de
1779 2029 1988 2071 Nobilibus
