2210 3651
428 296 698 336 msromAE
737 291 1053 332 soc1ETA'r1s
1096 293 1246 330 JESU.
1497 270 1613 329 165

69 400 290 457 tuendae
317 398 692 474 ornandaeque
714 395 992 472 religionis
1015 394 1354 451 occasionem
1378 393 1615 453 libenter

66 501 387 578 amplexus,
427 498 582 556 dedit
615 516 839 574 operam
885 505 947 553 ut
989 496 1138 552 idem
1178 493 1484 552 Taxicchus
1527 515 1617 552 ne-

66 602 310 660 cessariis
350 602 654 657 instructus
692 597 963 674 praesidiis
1004 597 1210 655 rediret
1251 598 1310 653 in
1345 597 1576 672 patriam
1601 641 1615 669 ,

67 721 195 758 cum
231 701 294 757 P.
341 699 618 776 Stephano
659 698 840 754 Szinio
880 699 1321 776 Transsylvano,
1367 697 1618 755 locorum

66 802 446 877 sermonisque
485 820 686 876 gnaro,
732 801 828 876 qui
872 809 1005 857 tunc
1038 801 1230 857 Romae
1261 799 1529 876 degebat,
1566 808 1621 855 et

66 900 130 957 P.
184 901 586 958 Bartholomaeo
647 901 832 958 Cassio
892 900 1174 972 Dalmata,
1240 901 1337 976 qui
1394 898 1621 976 Ragusii

66 1002 390 1058 morabatur
447 1024 457 1057 :
505 1002 596 1057 alii
647 1002 760 1058 duo
807 1021 874 1059 ex
924 1001 1143 1060 Austria
1187 1001 1461 1078 Stiriaque
1512 999 1622 1058 illis

69 1103 315 1180 adjuncti
344 1104 517 1162 fuere.

227 1208 404 1265 Nemo
453 1206 612 1264 facile
659 1207 922 1284 consequi
979 1206 1164 1264 verbis
1215 1214 1431 1283 potest,
1486 1213 1625 1282 quot

66 1308 312 1384 pericula
349 1308 730 1377 exhauserim,
772 1316 909 1380 quot
949 1308 1007 1363 in
1047 1307 1181 1364 locis
1215 1309 1489 1382 jacentem
1527 1313 1625 1361 aut

63 1406 384 1462 inclinatam
412 1407 672 1482 pietatem
703 1407 999 1477 erexerint,
1027 1416 1166 1480 quot
1196 1421 1446 1459 errorum
1477 1415 1626 1461 tene-

67 1507 200 1565 bras
240 1507 591 1583 dispulerint.
641 1505 703 1560 In
747 1506 941 1581 primis
977 1523 1123 1561 curae
1163 1502 1303 1573 fuit,
1345 1511 1408 1558 ut
1450 1502 1627 1558 initia-

68 1617 263 1665 rentur
303 1607 479 1664 Sacris
522 1605 829 1664 Ordinibus
875 1605 1218 1662 Sacerdotes.
1274 1602 1428 1660 Nulli
1477 1604 1625 1660 enim

70 1718 167 1766 aut
207 1710 369 1786 pauci
414 1708 754 1780 admodum,
801 1705 1022 1764 fuerant
1072 1705 1143 1762 ab
1195 1705 1354 1762 annis
1404 1704 1626 1779 triginta

71 1811 391 1869 consecrati.
430 1811 700 1867 Praeterea
737 1808 1020 1866 catholicae
1059 1807 1261 1865 scholae
1300 1807 1506 1884 passim
1536 1806 1627 1861 in-

70 1914 278 1970 stitutae
307 1923 470 1986 sunt,
503 1934 566 1970 ac
593 1912 875 1990 pleraeque
903 1913 961 1967 in
990 1911 1055 1968 iis
1084 1910 1217 1986 ipsis
1247 1909 1468 1985 oppidis
1488 1952 1502 1981 ,
1529 1906 1631 1963 ubi

68 2033 258 2071 rerum
308 2015 666 2092 potiebantur
723 2015 949 2086 Turcae,
1009 2034 1040 2069 a
1110 2011 1319 2089 quibus
1378 2010 1632 2086 amplum

71 2116 318 2192 diploma
340 2117 397 2170 in
418 2117 649 2191 gratiam
673 2116 1112 2173 Christianorum
1136 2116 1494 2190 impetratum
1522 2118 1626 2166 est.

73 2216 317 2275 Multum
347 2217 549 2290 negotii
579 2215 685 2271 fuit
726 2235 854 2271 cum
884 2215 1248 2285 Lutheranis,
1284 2210 1626 2283 CalvinistiS,

72 2316 318 2390 Arianis,
343 2328 397 2375 et
419 2318 805 2388 schismaticis,
833 2336 934 2373 nec
963 2315 1101 2371 nihil
1125 2335 1250 2372 cum
1284 2314 1629 2391 quibusdam

75 2418 394 2492 catholicis,
442 2419 538 2495 qui
588 2419 814 2495 privatis
864 2415 1437 2486 utilitatibus’ducti,
1492 2414 1629 2469 dum

74 2539 214 2590 sua,
255 2540 374 2577 ozon
408 2540 540 2596 quoe
568 2518 708 2576 Jesu
745 2518 999 2588 Christi,
1032 2527 1317 2594 quoermzt
1347 2516 1374 2542 *
1403 2531 1628 2589 magnas
1674 2526 1760 2567 *ad
1773 2527 1959 2580 Philipp„

77 2621 232 2697 operi
269 2621 455 2678 divino
495 2640 707 2692 moras,
744 2640 806 2675 ac
834 2618 1134 2695 perniciem
1164 2615 1459 2672 animabus
1489 2621 1632 2670 attu-

77 2722 212 2779 lere.
247 2721 350 2778 Per
378 2721 600 2778 eosdem
625 2721 808 2792 stetit,
846 2739 916 2775 ne
946 2719 1133 2776 Missio
1157 2719 1466 2793 Ragusina,
1506 2734 1633 2792 quae

79 2842 180 2901 per
207 2831 387 2879 totum
409 2821 519 2878 late
548 2821 833 2898 Illyricum
862 2819 1195 2896 explicanda
1225 2827 1375 2891 erat,
1403 2821 1634 2894 jamque

82 2927 143 2982 in
177 2926 295 3000 ipsa
329 2925 544 2981 civitate
579 2924 820 2999 Ragusio
841 2967 855 2994 ,
895 2922 1297 2999 pulcherrimos
1328 2919 1492 2976 edere
1521 2936 1636 2974 coe-

81 3011 240 3103 perat
267 3025 512 3097 fructus,
545 3025 684 3081 votis
715 3023 1019 3100 proborum
1051 3020 1430 3097 responderet.

250 3124 533 3182 Sociorum
562 3144 760 3202 agmen
789 3144 818 3181 e
848 3123 1078 3200 collegio
1108 3120 1491 3180 Camenecensi
1517 3136 1638 3194 pro*
1674 3125 1971 3196 iuValachiaQ

88 3228 295 3289 fectum
340 3229 398 3284 in
435 3227 748 3285 Valachiam
790 3235 845 3285 et
886 3223 1218 3297 Ukraniam,
1262 3242 1325 3280 eo
1367 3217 1640 3278 laboravit
1676 3195 1715 3229 et
1739 3190 1965 3232 Ukramam.
