2210 3651
228 2646 317 2694 Quo
364 2647 470 2686 statu

174 2708 312 2752 Missio
329 2708 370 2750 in
383 2711 472 2751 Μο-

173 2779 391 2829 nomotapa
402 2806 415 2830 ‚

176 3157 197 3177 ³*
210 3169 330 3200 anno
347 3158 470 3200 1568.

515 265 631 325 106
1175 285 1416 323 EPITOME

509 391 631 448 lum
673 388 822 447 ultro
864 388 1041 446 dedit.
1090 387 1181 446 Sic
1222 387 1410 446 divina
1444 408 1678 448 munera
1721 409 1833 447 non
1867 389 2077 448 cadunt

510 511 737 570 prorsus
778 492 964 565 irrita,
1011 490 1281 568 quodque
1330 493 1543 569 respuit
1590 493 1758 550 unius
1807 492 2074 569 perfidia,

511 594 686 671 pietas
716 593 943 650 alterius
973 602 1028 650 et
1055 591 1197 650 fides
1227 593 1447 669 accipit.

675 697 796 752 Hoc
825 697 1010 772 ipsum
1033 695 1216 772 patuit
1246 695 1302 750 in
1333 694 1559 753 duobus
1593 695 1845 772 ejusdem
1881 693 2080 752 Africae

512 797 787 874 Regibus,
822 816 1065 874 quorum
1099 797 1251 873 regio
1280 796 1420 854 fines
1457 799 1613 874 regni
1645 798 1891 874 Congani
1922 797 2084 853 attin-

510 899 611 973 git.
658 897 1031 974 Repudiatam
1074 918 1105 955 a
1138 918 1267 975 rege
1303 898 1524 955 Benano
1556 898 1729 955 fidem
1764 899 1912 955 ultro
1948 905 2079 955 sunt

511 998 788 1076 amplexi„
833 1009 888 1058 et
925 1001 1107 1058 missis
1151 1000 1344 1077 legatis
1384 1021 1512 1057 cum
1548 1002 1880 1059 muneribus
1913 999 2084 1076 magi-

512 1110 654 1161 stros
720 1104 858 1181 legis
925 1104 1254 1162 Christianae
1321 1103 1700 1181 postularunt.
1765 1104 1907 1160 Data
1961 1101 2084 1157 haec

509 1208 793 1285 provincia
849 1207 1112 1264 Patribus
1169 1207 1462 1264 Francisco
1515 1206 1701 1262 Goisio
1755 1216 1810 1262 et
1851 1202 2085 1279 Gaspari

510 1306 818 1367 AzebediO.
852 1307 919 1365 At
949 1309 1106 1384 regni
1129 1306 1405 1383 Angolani
1427 1305 1654 1382 regulus
1677 1306 1932 1362 ethnicus
1956 1324 2086 1362 cum

509 1409 751 1465 defixam
785 1410 842 1464 in
874 1408 1014 1465 colle
1045 1428 1267 1465 crucem
1297 1409 1483 1485 impiis
1518 1408 1774 1481 vocibUS‚
1801 1417 1858 1466 et
1882 1415 2085 1464 contu-

507 1509 753 1568 meliosis
796 1510 1119 1587 praeteriens
1160 1510 1507 1583 incessisset,
1544 1511 1742 1567 morbo
1784 1511 2091 1586 derepente

508 1629 835 1688 oppressus,
867 1611 1221 1688 gravissimos
1256 1611 1477 1670 dolores
1512 1632 1658 1669 anno
1686 1621 1804 1669 toto
1827 1611 2080 1689 pertulit.

509 1712 713 1769 Omnia
729 1714 1106 1790 nequicquam
1131 1713 1377 1771 remedia
1401 1723 1653 1792 experto⁷
1681 1716 1831 1773 venit
1852 1716 1908 1770 in
1934 1734 2086 1772 men-

506 1822 621 1871 tem
648 1814 893 1891 denique
921 1804 1050 1872 vera
1082 1815 1215 1872 mali
1254 1835 1439 1874 causa.
1484 1816 1655 1874 Mittit
1689 1837 1720 1873 e
1754 1818 1868 1875 suis
1897 1836 2088 1894 proce-

507 1914 669 1972 ribus
691 1959 706 1988 ,
746 1916 843 1992 qui
880 1916 1046 1973 Cruci
1078 1916 1352 1974 honorem
1389 1916 1670 1991 habeant7
1704 1918 1897 1976 addito
1921 1927 2082 1991 voto,

509 2035 569 2074 se
589 2061 604 2089 ,
639 2018 685 2073 si
718 2017 1066 2078 convalescat
1087 2063 1101 2091 7
1135 2018 1446 2076 Christiana
1482 2029 1875 2098 suscepturum
1907 2039 2083 2078 sacra.

506 2115 612 2174 Vix
645 2117 933 2190 abierant⁷
973 2119 1113 2176 abiit
1147 2120 1316 2178 simul
1349 2122 1614 2196 morbUS‚
1648 2133 1703 2180 et
1730 2123 1934 2180 reversi
1957 2140 2084 2200 pro-

507 2238 660 2278 ceres
707 2240 907 2278 sanum
958 2221 1353 2299 valentemque
1401 2225 1754 2282 invenerunt.
1805 2225 2085 2282 Continuo

505 2320 718 2397 legatos
760 2322 832 2379 ad
876 2322 1207 2380 Lusitanum
1262 2335 1560 2401 praetorem
1604 2325 1934 2399 destinavit⁷
1986 2327 2085 2403 qui

505 2422 861 2482 Sacerdotem
885 2469 899 2498 7
935 2445 967 2481 a
997 2445 1111 2502 quo
1145 2426 1312 2484 sacris
1342 2426 1610 2505 baptismi
1642 2427 1809 2486 undis
1842 2428 2086 2505 expiare-

505 2535 622 2600 tur‚
661 2529 1053 2604 impetrarunt.
1746 2575 1765 2607 s

671 2631 735 2687 In
758 2640 1002 2689 extrema
1027 2630 1318 2689 meridiem
1340 2650 1533 2689 versus
1558 2629 1740 2688 Africa
1757 2677 1771 2705 ,
1798 2631 2085 2690 Monomo-

504 2742 652 2812 tapae
687 2755 921 2812 regnum
952 2739 1120 2813 jacet.
1157 2735 1220 2792 In
1257 2755 1322 2793 eo
1354 2755 1482 2792 cum
1514 2735 1914 2793 Saracenorum
1938 2733 2084 2792 dolis

506 2846 562 2895 et
597 2838 764 2914 Regis
799 2838 1016 2916 perfida
1059 2837 1506 2896 dissimulatione
1539 2837 1602 2895 P.
1644 2837 1952 2895 Consalvus
1983 2834 2085 2892 Sil-

507 2940 655 2997 veria
685 2941 938 3017 periisset
960 2960 1107 2998 anno
1137 2961 1355 2998 MDLix:
1391 2940 1750 2998 Sebastianus
1785 2937 2083 2995 Lusitaniae

506 3041 656 3115 Rex,
688 3042 976 3119 indignam
1007 3043 1231 3101 ulturus
1260 3063 1451 3100 necem
1474 3087 1488 3115 a
1521 3041 1738 3099 bellum
1772 3040 1911 3116 Regi
1942 3037 2084 3096 Afri-

508 3162 646 3201 cano
703 3143 1073 3202 denuntiavit.
1135 3143 1162 3170 *
1214 3144 1506 3202 Lusitanas
1563 3163 1691 3220 quae
1743 3140 1966 3199 bellum
2020 3139 2080 3195 in

509 3242 754 3303 Africam
803 3245 1180 3326 deportabant
1226 3265 1396 3305 naves
1418 3290 1433 3320 ⁷
1492 3254 1549 3304 et
1597 3245 1783 3323 copias
1835 3241 2077 3302 comitati
