2210 3651
460 305 730 342 msTomAE
771 302 1088 338 socffi'rA‘ris
1133 306 1256 342 JESU
1270 329 1281 340 .
1544 286 1618 341 21
1630 286 1659 341 1

271 406 438 464 Haud
472 407 670 463 minori
710 404 1006 482 prudentia
1043 413 1097 460 et
1137 403 1459 462 fortitudine
1496 405 1665 463 fidem
1741 422 1754 434 ·

110 507 435 567 catholicam
476 520 559 567 est
598 508 879 586 professus
922 507 1253 583 Wolfangus
1296 508 1662 581 WilhelmuS,

109 610 279 667 Ducis
337 611 750 687 Neoburgensis
791 610 961 668 filius.
1016 609 1092 665 Ut
1131 610 1374 685 parentis
1424 610 1665 668 haeretici

111 709 301 768 oculos
325 720 379 768 et
406 711 545 767 iram
566 710 811 787 fugeret,
839 710 1118 788 profectus
1140 719 1256 766 erat
1277 710 1395 767 Cal.
1416 711 1448 766 J
1453 713 1665 767 anuarii

107 812 601 890 Dusseldorpium,
655 814 811 889 quasi
857 814 1099 870 vicinum
1143 813 1450 889 principem
1501 813 1668 868 officii

108 933 274 970 causa
298 913 658 972 salutaturus.
695 914 777 969 Ibi
805 913 893 970 die
924 916 1061 972 festo
1096 914 1190 971 SS.
1222 914 1534 987 Trinitatis,
1568 934 1670 991 pu-

106 1013 313 1070 blicam
355 1015 413 1069 in
442 1014 623 1070 lucem
655 1013 888 1089 protulit
918 1015 1071 1091 quod
1113 1016 1382 1072 hactenus
1415 1014 1669 1072 consulto

107 1113 582 1186 dissimulaverat,
616 1125 671 1171 et
691 1113 821 1171 fidei
850 1114 1245 1192 professionem
1270 1116 1328 1171 in
1357 1115 1481 1172 luce
1503 1115 1672 1173 totius

107 1214 266 1272 urbis
304 1214 500 1272 edidit.
537 1215 721 1272 Verba
765 1214 893 1272 fecit
928 1216 997 1273 de
1032 1236 1175 1273 verae
1210 1215 1465 1274 Ecclesiae
1502 1216 1672 1292 signis

107 1313 174 1371 P.
205 1316 453 1372 Jacobus
481 1314 782 1372 Rehincus.
821 1317 938 1373 Nec
960 1317 1137 1374 multo
1167 1327 1294 1394 post
1316 1318 1448 1374 exiit
1475 1317 1674 1374 eodem

108 1427 334 1475 auctore
374 1417 519 1474 liber
558 1418 857 1495 inscriptus
902 1417 1080 1476 ,Muri
1117 1423 1375 1477 civitatis
1417 1428 1671 1488 sanocoe,

109 1519 166 1574 in
189 1536 302 1593 quo
326 1517 581 1575 videlicet
603 1519 852 1575 Romana
874 1519 1014 1577 fides
1038 1530 1092 1577 et
1113 1520 1352 1578 Ecclesia
1376 1520 1671 1577 duodecim

108 1618 437 1676 firmissimis
479 1621 638 1696 quasi
678 1621 850 1677 muris
894 1629 950 1677 et
988 1621 1424 1697 propugnaculis
1460 1624 1675 1679 munita

110 1721 557 1780 describebatur.
583 1721 770 1779 Rediit
802 1722 1056 1798 princeps
1080 1722 1312 1779 domum
1330 1766 1343 1793 ,
1375 1732 1431 1779 et
1453 1732 1674 1780 mortuo
1726 1762 1738 1771 -

110 1824 291 1902 pridie
334 1823 468 1882 Idus
509 1824 740 1882 Sextiles
783 1841 1005 1880 Mucxw
1049 1831 1241 1899 patre,
1287 1823 1384 1899 qui
1427 1821 1609 1878 filium
1644 1843 1677 1879 a

112 1927 382 1985 sententia
435 1926 713 1983 deducere
756 1943 1048 2001 nunquam
1097 1932 1386 2000 potuerat,
1431 1923 1678 1981 edictum

112 2029 519 2107 promulgavit,
554 2046 666 2104 quo
705 2027 818 2084 suis
853 2024 1116 2081 omnibus
1152 2033 1482 2101 potestatem
1514 2024 1680 2081 liber-

111 2132 309 2186 rimam
351 2130 601 2186 Romana
645 2125 1051 2204 complectendi
1097 2145 1247 2183 sacra
1291 2135 1346 2182 et
1387 2126 1679 2183 exercendi

113 2230 352 2288 faciebat
385 2252 397 2286 :
431 2239 620 2307 postea
656 2228 784 2285 facti
817 2232 899 2285 sui
939 2245 1132 2284 causas
1161 2226 1310 2282 edito
1340 2226 1544 2303 scripto
1569 2245 1680 2303 pu-

113 2332 261 2389 blice
282 2331 575 2409 proposuit
611 2352 621 2385 :
652 2329 880 2386 demum
917 2326 1174 2383 Societati
1209 2326 1503 2402 collegium
1526 2325 1679 2383 Neo-

113 2435 279 2511 burgi
309 2452 453 2490 anno
483 2433 736 2510 sequenti
768 2430 942 2488 dedit.

264 2536 461 2611 Neque
484 2533 855 2591 omittendum
881 2541 1041 2609 pute,
1067 2530 1195 2587 licet
1217 2529 1501 2606 aliquanto
1524 2530 1680 2606 prius

116 2637 438 2712 contigerit,
470 2636 725 2692 Jeremiae
756 2633 1022 2703 Fen-ieri,
1061 2631 1132 2687 ad
1172 2641 1355 2707 partes
1385 2629 1680 2688 catholicas

117 2736 380 2794 reditum.
416 2736 598 2812 Hujus
630 2734 988 2804 auctoritate,
1031 2731 1280 2787 doctrina
1324 2741 1378 2787 et
1408 2731 1680 2788 existima-

119 2838 266 2894 tione
308 2835 472 2893 factio
509 2838 961 2913 Hugonottorum
1012 2833 1092 2910 (id
1131 2834 1369 2890 nominis
1410 2834 1680 2889 tribuitur

119 2939 452 2997 Calvinianis
485 2940 543 2994 in
581 2937 816 3014 Gallia),
863 2935 1100 2991 maxime
1143 2933 1450 3006 nitebatur,
1483 2942 1537 2990 et
1568 2933 1679 2989 flo-

118 3041 302 3098 rebat.
350 3041 426 3098 Eo
466 3041 773 3118 impensius
808 3039 997 3096 Patres
1038 3038 1320 3095 hominem
1362 3053 1680 3114 expugnare

123 3142 486 3200 conabantur.
530 3142 708 3219 quue
745 3160 802 3198 se
839 3139 1197 3197 confidebant
1232 3138 1451 3213 assequi
1483 3152 1677 3211 posse,

124 3243 168 3301 si
207 3242 473 3300 catholica
521 3252 912 3314 monumenta,
959 3259 1073 3297 non
1108 3236 1458 3297 obtrectandi
1494 3244 1549 3291 et
1582 3234 1681 3289 im-
