2210 3651
485 249 604 310 136
1152 272 1394 312 ΕΡΙΤΟΜΕ

217 381 424 435 Urgentur
483 371 583 430 sed
612 371 836 450 ipsimet
865 373 1146 451 Evangelii
1177 395 1486 453 praecones,
1518 384 1574 435 et
1594 378 1844 455 ejusdem
1875 377 2054 437 Socie-

151 445 421 488 accusationes

149 509 197 550 P.
221 510 387 552 Nobilii.

483 475 610 533 tatis
671 475 936 554 theologi.
991 478 1342 535 Mirabantur
1395 498 1596 536 novam
1656 480 1858 536 divinae
1917 480 2054 558 legis

479 578 859 655 propagandae
897 580 1040 636 viam
1074 580 1147 636 ab
1185 598 1250 636 eo
1283 578 1515 637 feliciter
1549 580 1895 652 adhibitam,
1935 598 2055 639 sus-

479 678 649 756 picati
684 692 816 738 sunt
850 682 1036 758 ipsum
1073 681 1236 738 nimis
1272 681 1567 758 indulgere
1595 683 1847 740 moribus
1876 681 2053 740 ethni-

480 801 674 839 corum
697 828 711 856 ,
745 793 800 841 et
828 782 1089 861 profanas
1120 784 1555 841 consuetudines
1587 804 1726 861 quas
1763 784 2056 860 exstirpari

479 885 853 961 oportuisset,
893 885 965 942 ab
1001 885 1098 941 illo
1136 887 1359 943 retineri
1389 906 1453 943 ac
1483 884 1678 944 foveri.
1714 886 1835 942 Hoc
1864 886 2054 943 Patres

479 987 740 1044 nonnulli
777 989 875 1065 qui
912 988 1196 1062 Madurae,
1229 990 1327 1066 qui
1359 989 1547 1047 Coeini
1578 989 1969 1062 versabantur,
2001 998 2058 1046 et

481 1088 670 1165 palam
710 1089 1056 1163 fremebant,
1102 1100 1157 1148 et
1189 1111 1317 1148 cum
1354 1091 1647 1148 Visitatore
1683 1091 1969 1149 Societatis
1997 1090 2057 1146 in

481 1190 644 1248 India
672 1193 911 1269 graviter
942 1204 1074 1250 sunt
1103 1194 1307 1270 questi.
1349 1191 1421 1249 At
1451 1193 1921 1270 Cranganorensis
1950 1212 2056 1248 an-

480 1293 661 1366 tistes,
687 1314 801 1371 quo
823 1295 1100 1371 probante
1124 1296 1267 1352 viam
1293 1295 1436 1351 hanc
1458 1295 1523 1351 P.
1551 1295 1813 1353 Nobilius
1835 1296 2056 1361 inierat,

481 1393 769 1453 Societatis
818 1395 1108 1473 theologos
1159 1397 1381 1470 Cociui,
1436 1406 1492 1454 et
1540 1396 1793 1454 Madurae
1845 1396 2061 1453 curavit

481 1496 870 1556 admonendos
919 1519 992 1556 ne
1045 1501 1377 1557 sententiam
1427 1499 1572 1556 ferre
1622 1510 1988 1576 properarent
2044 1519 2056 1554 :

481 1601 917 1658 controversiam
966 1600 1111 1657 hanc
1164 1621 1276 1658 non
1327 1601 1628 1679 theologici
1683 1610 1902 1659 tantum
1952 1600 2060 1657 fori

483 1720 635 1776 esse,
659 1723 854 1761 verum
880 1704 1046 1761 etiam
1079 1706 1165 1762 sui
1198 1726 1209 1760 ε
1236 1703 1519 1781 quidquid
1549 1703 1769 1761 fecisset
1789 1704 1852 1760 P.
1887 1702 2062 1761 Nobi-

480 1803 592 1862 lius
615 1815 843 1864 auctore
867 1826 925 1863 se
952 1803 1124 1883 'atque
1146 1806 1522 1883 approbatore
1544 1804 1755 1861 factum
1785 1827 1796 1860 ε
1824 1804 2062 1881 proinde

480 1908 771 1984 negotium
801 1906 882 1962 illi
913 1906 1213 1978 facessere,
1248 1915 1347 1962 aut
1374 1906 1529 1962 litem
1559 1905 1704 1962 hanc
1726 1925 1925 1982 urgere
1955 1907 2060 1964 de-

484 2009 752 2067 sinerent.
801 2008 884 2064 Ita
929 2017 1065 2064 tunc
1111 2007 1189 2063 illi
1248 2006 1480 2085 quidem
1523 2008 1895 2085 quieverunt,
1951 2027 2066 2064 non

480 2110 616 2166 item
662 2108 754 2165 alii
798 2129 942 2187 quos
986 2111 1119 2167 Goae
1163 2119 1218 2167 et
1254 2111 1312 2166 in
1351 2109 1509 2166 India
1553 2109 1782 2187 procul,
1828 2130 1971 2188 quos
2006 2112 2063 2168 in

479 2210 734 2290 Europa,
766 2233 961 2271 rumor
989 2214 1209 2271 sinister
1237 2214 1552 2284 afflaverat,
1590 2222 1766 2289 utque
1797 2222 1880 2270 est
1909 2214 2061 2291 inge-

479 2316 640 2370 nium
678 2314 878 2389 famae,
920 2336 1049 2393 quae
1088 2316 1293 2373 sensim
1325 2316 1512 2372 eundo
1545 2315 1741 2372 crescit
1777 2325 1832 2373 et
1873 2317 2060 2374 omnia

482 2417 703 2474 eminus
733 2418 792 2473 in
820 2419 1161 2475 immensum
1198 2427 1398 2494 auget,
1432 2418 1767 2475 narrabatur
1797 2418 2059 2478 Nobilius

480 2518 787 2578 fabricasse
817 2530 1130 2578 monstrum
1162 2520 1451 2598 quoddam
1488 2541 1518 2578 e
1555 2521 1759 2579 ritibus
1801 2522 2060 2580 ethnico—

480 2640 643 2694 rum,
695 2631 750 2679 et
793 2621 1236 2680 Christianorum
1279 2625 1518 2700 turpiter
1561 2623 1901 2697 conflatum,
1947 2625 2060 2682 imo

483 2725 679 2782 Fidem
709 2726 889 2803 ipsam
920 2729 1193 2803 ejurasse,
1236 2746 1299 2782 ac
1337 2726 1504 2783 thura
1533 2723 1685 2783 falsis
1715 2725 2063 2785 Numinibus

482 2828 728 2886 adolere.
764 2829 899 2885 Haec
920 2828 1205 2905 aliquanto
1230 2838 1355 2906 post
1378 2829 1614 2886 Romam
1646 2847 1828 2905 usque
1848 2827 2062 2904 perlata

483 2929 640 3009 'gravi
697 2940 852 2988 metu
917 2941 971 2988 et
1028 2931 1406 2989 sollicitudine
1469 2930 1656 2986 Socios
1719 2928 2058 3002 affecerunt,

484 3033 699 3110 quippe
736 3033 834 3108 qui
873 3053 985 3089 non
1021 3034 1341 3109 ignorarent
1375 3043 1650 3110 quantum
1701 3031 1770 3088 sit
1807 3032 1864 3086 in
1900 3033 2064 3089 novi-

485 3143 601 3192 tate
633 3134 898 3213 periculi,
939 3135 1248 3212 praesertim
1281 3134 1380 3191 ubi
1419 3153 1585 3192 causa
1626 3133 1908 3211 religionis
1938 3136 2061 3212 agi-

489 3247 602 3297 tur.
664 3236 974 3296 Cardinalis
1030 3236 1399 3296 Bellarminus
1447 3256 1565 3315 prae
1608 3237 1839 3311 ceteris,
1886 3257 2054 3314 quem
