2210 3651
175 587 192 607 ““
217 589 344 633 Libro
371 596 465 645 pri-

165 665 234 694 mo
249 657 298 696 de
322 656 465 712 Viryi-

167 719 310 762 nibus.

231 1201 405 1244 Moritur

163 1262 211 1304 P.
262 1267 457 1322 Organti-

159 1339 258 1382 nus,

150 2525 220 2582 qui
272 2526 445 2569 infantes

147 2591 350 2646 expositos
363 2623 375 2647 ‚

506 243 626 302 124
1163 271 1405 312 ΕΡῙΤΟΜΕ
1451 282 1454 285 ’

502 376 558 424 et
607 367 830 429 ululatu
884 370 1234 431 lamentabili
1291 375 1677 437 crudelitatem
1735 379 2064 440 detestante.

500 467 689 528 Placet
728 471 821 531 hic
864 475 1055 533 sistere
1098 496 1425 553 parumper,
1470 489 1526 536 et
1579 481 1888 539 exclamare
1938 500 2068 539 cum

500 568 558 628 S.
599 569 895 633 Ambrosio
927 574 955 601 ‘⁴‘
989 574 1365 636 Detestabilis
1401 583 1725 641 crudelitas
1733 628 1754 655 ,
1793 603 1927 660 quoe
1963 604 2068 640 nec

499 676 858 733 minusculae
876 681 1148 754 pepercit
1178 683 1348 736 celati
1359 681 1383 737 !
1405 686 1522 740 imo
1542 705 1765 762 mamm
1787 688 1874 741 vis
1895 683 2066 760 fidei,

497 793 632 850 quoe
672 781 852 833 etiam
892 779 968 834 ab
1004 778 1114 835 illa
1158 785 1564 841 testimonium
1602 788 1832 842 invenit
1873 794 2063 842 oetate.

502 874 634 944 Qua·
654 899 774 936 ozon
809 880 1055 951 hahuit,
1086 901 1201 958 quo
1231 883 1474 959 ferrum
1509 890 1820 963 reciperet,
1856 886 2072 943 habuit

495 998 611 1055 quo
639 982 881 1057 ferrum
921 989 1177 1041 vinceret
1209 1009 1226 1041 .·
1269 988 1542 1045 nondum
1574 990 1819 1047 idoneus
1842 1008 2066 1067 poenoe,

495 1086 703 1160 etjam
732 1095 1016 1143 maturus
1043 1091 1327 1146 victoriae.

663 1185 922 1243 Cruentae
958 1187 1201 1246 duorum
1246 1208 1551 1266 puerorum
1593 1194 1745 1266 neci7
1784 1193 2065 1272 placidam

493 1287 709 1341 emeriti
771 1289 918 1345 senis
982 1298 1217 1346 mortem
1281 1290 1430 1346 addo
1452 1335 1467 1364 7
1534 1292 1711 1351 Patris
1775 1293 2067 1371 Organtini

492 1385 733 1459 Gnecci⁷
768 1387 882 1462 sive
916 1387 1070 1445 Soldi
1107 1411 1118 1446 :
1159 1389 1266 1448 hoc
1298 1412 1329 1448 e
1363 1401 1611 1450 materna
1647 1395 1819 1472 stirpe
1856 1413 2068 1472 coguo-

491 1505 622 1544 men
638 1531 652 1560 ,
684 1486 828 1545 illud
851 1509 881 1546 e
903 1499 1133 1566 paterna
1158 1491 1414 1550 duxerat.
1443 1494 1618 1551 Tanta
1646 1496 1888 1553 florebat
1908 1494 2065 1573 apud

488 1588 850 1665 imperatores
880 1592 1031 1667 ipsos
1052 1593 1227 1667 gratia
1250 1603 1305 1650 et
1328 1597 1676 1670 auctoritate,
1710 1607 1773 1654 ut
1792 1598 2063 1676 religiosis

487 1689 618 1746 viris
662 1691 927 1750 omnibus
979 1704 1194 1752 vertere
1253 1694 1438 1752 solum
1479 1700 1684 1773 jussis,
1740 1700 2063 1759 Taicosama

485 1792 704 1849 veniam
746 1792 828 1849 illi
874 1794 1090 1852 dederit
1123 1805 1179 1854 et
1207 1807 1417 1856 vestem
1448 1797 1734 1857 Societatis
1754 1845 1769 1874 7
1800 1811 1856 1858 et
1885 1802 2062 1859 domi-

487 1891 680 1950 cilium
722 1895 781 1949 in
814 1896 958 1952 urbe
993 1896 1246 1973 Japoniae
1288 1899 1552 1975 primaria
1596 1902 1890 1961 retinendi.
1937 1905 2060 1963 Hoc

484 1995 754 2071 principis
785 1994 971 2053 favore
1000 1998 1278 2076 sapienter
1308 2019 1468 2074 usus7
1501 2000 1902 2077 gubernatores
1932 2023 2059 2081 pro-

482 2098 825 2172 vinciarum,
851 2120 1038 2177 reges,
1074 2112 1128 2158 et
1151 2123 1409 2179 magnam
1433 2103 1719 2180 Japonicae
1749 2105 2056 2165 nobilitatis

481 2208 724 2277 partem7
750 2201 823 2258 ad
845 2202 1130 2260 Christum
1153 2204 1410 2262 adduxit.
1445 2206 1653 2263 Praeter
1676 2216 1884 2280 cetera,
1925 2228 2054 2283 quae

482 2313 615 2362 sunt
636 2304 709 2361 ab
733 2304 830 2362 illo
861 2307 918 2362 in
940 2305 1227 2383 publicam
1250 2327 1367 2364 rem
1388 2306 1598 2365 utiliter
1626 2308 1876 2384 provisa7
1907 2307 2052 2365 illud

480 2408 781 2465 maximam
838 2408 1040 2466 habuit
1093 2407 1248 2485 apud
1308 2429 1501 2467 omnes
1552 2410 2049 2486 approbationem,

481 2511 633 2587 quod
686 2512 965 2587 expositos
1014 2519 1069 2567 et
1118 2510 1365 2587 abJectos
1409 2511 1650 2568 infantes
1700 2509 1959 2587 colligere
1997 2519 2053 2568 et

480 2612 627 2670 alere
665 2611 901 2670 studuit.
945 2612 1105 2688 Viget
1139 2613 1292 2689 apud
1325 2614 1570 2691 Japones
1606 2632 1668 2670 ea
1704 2614 2051 2689 consuetudo

479 2693 760 2789 barbara,
815 2725 879 2774 ut
929 2736 1101 2792 quam
1157 2698 1395 2774 educare
1440 2714 1655 2792 prolem
1705 2714 1907 2789 nolunt
1953 2723 2051 2771 aut

478 2827 770 2894 nequeunt
789 2863 803 2891 7
843 2796 1184 2875 interficiant
1209 2819 1473 2895 impune7
1508 2826 1605 2873 aut
1633 2815 1896 2892 abjiciant
1924 2815 2049 2872 ubi-

476 2919 618 2977 libet
647 2920 1083 2978 conculcandam
1114 2941 1142 2977 a
1176 2918 1676 2998 praetereuntibus‚
1706 2927 1804 2975 aut
1836 2937 1868 2974 a
1899 2918 2045 2974 cani-

475 3020 588 3079 bus
638 3021 1036 3081 devorandam.
1079 3024 1224 3080 Hinc
1267 3023 1528 3080 aestimari
1572 3029 1787 3098 potest,
1834 3028 2045 3096 quanta

473 3133 686 3201 strages
736 3134 792 3182 et
832 3128 1051 3202 jactura
1108 3125 1207 3181 fiat
1263 3125 1595 3181 animarum.
1664 3120 2043 3178 Infortunatos

473 3225 648 3303 igitur
679 3235 873 3305 partus
905 3228 1087 3306 primo
1124 3223 1569 3304 conquirendos,
1611 3221 1817 3282 deinde
1849 3221 2040 3300 bapti·-
