2210 3651
465 243 583 305 138
1123 265 1365 304 EPITOME

462 366 749 443 dignitatis
788 366 1006 445 gradU,
1047 386 1136 441 se,
1177 378 1242 425 ut
1284 378 1454 447 caput
1496 378 1660 427 tuum
1693 370 1805 430 leto
1848 372 2035 429 immi-

459 470 615 526 nenti
659 468 1031 542 subduceret,
1089 470 1331 546 objicere
1379 474 1502 529 neci
1550 472 1922 531 acerbissimae
1971 493 2036 531 ac

460 573 802 650 turpissimae
839 592 953 629 non
994 571 1344 645 dubitasset,
1382 592 1587 632 eumne
1625 573 1896 632 libentius
1931 575 2034 647 iis,

459 692 603 750 quos
625 695 656 731 a
685 684 741 732 te
773 675 1010 752 cepisset
1032 672 1340 751 fulgentem
1364 672 1703 748 honoribus,
1730 695 1900 752 quam
1933 694 2039 752 pro

458 786 515 835 te
556 779 918 850 morientem,
967 775 1259 834 cerneres?
1297 775 1552 833 Christus
1589 795 1702 832 non
1734 777 1810 833 ob
1855 776 2036 834 ullum

460 879 644 939 scelus
698 900 865 939 suum
910 899 1111 957 passus
1159 889 1273 954 est,
1326 880 1425 938 sed
1476 891 1540 937 ut
1593 889 1783 938 nostra
1831 880 2038 938 scelera

458 980 667 1054 lueret,
716 981 966 1039 debitam
1005 982 1253 1040 humano
1295 983 1486 1060 generi
1531 1002 1753 1060 poenam
1795 982 2041 1060 suscepit

457 1084 519 1140 in
547 1103 668 1142 sese
701 1093 765 1140 ut
797 1103 990 1142 omnes
1017 1084 1303 1143 liberaret.
1338 1085 1474 1142 Haec
1496 1085 1660 1143 nobis
1689 1085 1872 1163 placet
1900 1083 2037 1140 cha—

457 1185 621 1259 ritas,
667 1186 790 1243 haec
829 1187 1066 1244 vindicis
1110 1190 1286 1246 nostri
1330 1190 1732 1265 assertorisque
1773 1208 1923 1246 mors
1965 1186 2038 1244 ab

458 1287 637 1345 oculis
680 1288 878 1345 abesse
922 1289 1327 1366 mentibusque
1369 1290 1574 1347 nostris
1619 1309 1912 1366 nunquam
1947 1288 2041 1346 de-

458 1389 578 1446 bet.
617 1389 693 1446 Ea
734 1390 1103 1448 similitudine
1132 1390 1447 1468 plurimum
1479 1391 1791 1448 delectatus
1821 1399 1905 1448 est
1935 1389 2042 1446 Im-

457 1502 716 1570 perator,
793 1504 850 1551 at
910 1494 1108 1551 eadem
1169 1493 1455 1551 Saracenis
1521 1493 2045 1568 Mahometanisque

457 1596 624 1655 valde
657 1596 967 1675 displicuit.
995 1597 1396 1654 Vehementius
1427 1595 1728 1653 excanduit
1757 1593 2045 1671 improbo-

457 1717 587 1755 rum
637 1698 800 1756 dolor
851 1719 981 1756 cum
1027 1700 1135 1776 piis
1175 1698 1518 1775 imaginibus
1557 1698 1767 1775 regiam
1814 1715 2040 1755 omnem

457 1801 646 1856 ornari
688 1804 1129 1878 conspexerunt,
1172 1821 1300 1857 nam
1347 1800 1619 1874 imagines
1670 1806 2040 1870 execrantur,

454 1901 516 1958 id
544 1904 699 1979 qnod
735 1904 1048 1958 hauserunt
1070 1921 1100 1957 a
1124 1901 1159 1957 J
1164 1901 1365 1957 udaeis.
1395 1900 1527 1958 Illas
1551 1919 1682 1957 vero
1712 1901 1833 1977 ipse
1863 1899 2044 1976 Impe-

454 2012 607 2060 rator
634 2003 980 2060 adeuntibus
1015 2002 1369 2080 explicabat,
1403 2003 1544 2060 nihil
1582 2013 1645 2061 ut
1682 2005 1739 2060 in
1776 2003 1939 2077 aula,
1980 2004 2039 2060 in

453 2105 606 2183 regia
622 2104 768 2161 urbe
789 2105 1000 2177 notius,
1027 2125 1199 2181 quam
1217 2105 1423 2163 Christi
1445 2107 1558 2163 vita
1582 2125 1848 2183 morsque
1868 2105 2034 2164 foret.

176 2214 367 2259 Sinarum
621 2206 799 2263 Simili
835 2207 1081 2284 quadam
1120 2218 1237 2266 arte
1267 2228 1404 2267 usus
1439 2219 1523 2267 est
1560 2210 1620 2265 in
1656 2208 1785 2265 aula
1823 2208 2040 2266 Sinensi

122 2281 351 2391 {gnofflee‘gssfi‘
456 2309 523 2367 P.
569 2308 871 2367 Matthaeus
911 2310 1171 2383 aiecius,
1204 2319 1269 2367 ut
1299 2311 1538 2383 christi,
1578 2319 1633 2366 et
1661 2309 1799 2386 legis
1830 2308 2042 2367 divinae

456 2411 714 2469 notitiam
759 2412 1089 2490 Imperatori
1131 2413 1462 2471 insinuaret.
1512 2413 1748 2491 Cognita
1784 2416 1902 2490 jam
1945 2412 2042 2470 illa

458 2515 691 2591 quidem
742 2524 859 2570 toto
901 2524 1019 2572 erat
1057 2516 1318 2593 Imperio,
1370 2516 1752 2573 Confluebant
1787 2515 2040 2592 quotidie

457 2614 627 2691 legati
660 2635 690 2672 6
733 2617 1117 2676 remotissimis
1160 2619 1460 2695 provinciis
1504 2620 1577 2675 ad
1617 2619 1901 2691 Riccium,
1943 2621 2042 2696 qui

459 2718 534 2776 ab
579 2738 644 2776 eo
685 2729 941 2796 peterent
970 2721 1264 2801 magistros
1293 2721 1433 2798 legis
1455 2766 1469 2794 ,
1510 2741 1639 2797 quae
1675 2721 1905 2779 Sanctos
1941 2720 2041 2798 (ita

458 2819 866 2900 loquebantur)
900 2822 1125 2880 faceret.
1161 2823 1606 2901 Comportabant
1635 2822 1727 2879 alii
1770 2822 2038 2880 falsorum

461 2925 761 2983 simulacra
790 2926 1136 3000 Numinum,
1170 2946 1349 3003 eaque
1372 2934 1501 2982 ante
1525 2925 1761 2982 Crucem
1790 2923 2038 3000 aliquam

461 3027 840 3104 congerebant
880 3028 940 3083 in
985 3028 1315 3101 cumulum,
1359 3029 1419 3084 in
1465 3025 1846 3106 piacularibus
1881 3024 2042 3081 flam-

461 3131 570 3189 mis
603 3129 1046 3203 consumebant,
1086 3139 1309 3208 gratum
1346 3130 1573 3207 Superis
1609 3127 1916 3185 victoribus
1957 3146 2040 3184 sa-

464 3233 757 3292 crificium.
799 3234 1030 3292 Restare
1061 3254 1238 3293 unum
1267 3233 1592 3306 videbatur,
1636 3240 1695 3289 et
1731 3231 2039 3310 Imperator
