<?xml version="1.0" encoding="UTF-8"?>
<!DOCTYPE html PUBLIC "-//W3C//DTD XHTML 1.0 Transitional//EN"
    "http://www.w3.org/TR/xhtml1/DTD/xhtml1-transitional.dtd">
<html xmlns="http://www.w3.org/1999/xhtml" xml:lang="en" lang="en">
 <head>
  <title>
</title>
<meta http-equiv="Content-Type" content="text/html;charset=utf-8" />
  <meta name='ocr-system' content='tesseract 3.04.00' />
  <meta name='ocr-capabilities' content='ocr_page ocr_carea ocr_par ocr_line ocrx_word'/>
</head>
<body>
  <div class='ocr_page' id='page_1' title='image "./epitomehistoriso04jouv_0205.png"; bbox 0 0 2210 3651; ppageno 0'>
   <div class='ocr_carea' id='block_1_1' title="bbox 476 275 1676 334">
    <p class='ocr_par' dir='ltr' id='par_1_1' title="bbox 476 275 1676 334">
     <span class='ocr_line' id='line_1_1' title="bbox 476 275 1676 334; baseline 0.009 -11"><span class='ocrx_word' id='word_1_1' title='bbox 476 286 749 324; x_wconf 83' lang='lat' dir='ltr'>HISTORIAE</span> <span class='ocrx_word' id='word_1_2' title='bbox 789 285 1110 326; x_wconf 76' lang='lat' dir='ltr'>socOETATIS</span> <span class='ocrx_word' id='word_1_3' title='bbox 1153 291 1303 331; x_wconf 79' lang='lat' dir='ltr'><strong>JESU.</strong></span> <span class='ocrx_word' id='word_1_4' title='bbox 1562 275 1676 334; x_wconf 85' lang='lat'>197</span> 
     </span>
    </p>
   </div>
   <div class='ocr_carea' id='block_1_2' title="bbox 82 389 1679 3299">
    <p class='ocr_par' dir='ltr' id='par_1_2' title="bbox 82 389 1679 3299">
     <span class='ocr_line' id='line_1_2' title="bbox 112 389 1679 468; baseline 0.004 -20"><span class='ocrx_word' id='word_1_5' title='bbox 112 398 270 462; x_wconf 89' lang='lat' dir='ltr'>sunt,</span> <span class='ocrx_word' id='word_1_6' title='bbox 314 390 578 447; x_wconf 84' lang='lat' dir='ltr'>interesse</span> <span class='ocrx_word' id='word_1_7' title='bbox 617 409 716 447; x_wconf 88' lang='lat' dir='ltr'>sua</span> <span class='ocrx_word' id='word_1_8' title='bbox 752 398 806 447; x_wconf 93' lang='lat' dir='ltr'>et</span> <span class='ocrx_word' id='word_1_9' title='bbox 840 389 1125 468; x_wconf 81' lang='lat' dir='ltr'>religionis</span> <span class='ocrx_word' id='word_1_10' title='bbox 1164 393 1574 455; x_wconf 87' lang='lat' dir='ltr'>affirmantibus</span> <span class='ocrx_word' id='word_1_11' title='bbox 1613 407 1679 454; x_wconf 90' lang='lat' dir='ltr'>ut</span> 
     </span>
     <span class='ocr_line' id='line_1_3' title="bbox 110 490 1676 570; baseline 0.006 -23"><span class='ocrx_word' id='word_1_12' title='bbox 110 490 369 547; x_wconf 89' lang='lat' dir='ltr'>abessent</span> <span class='ocrx_word' id='word_1_13' title='bbox 406 490 626 567; x_wconf 89' lang='lat' dir='ltr'>procul.</span> <span class='ocrx_word' id='word_1_14' title='bbox 665 491 970 570; x_wconf 89' lang='lat' dir='ltr'>Postquam</span> <span class='ocrx_word' id='word_1_15' title='bbox 1001 493 1059 549; x_wconf 91' lang='lat' dir='ltr'>in</span> <span class='ocrx_word' id='word_1_16' title='bbox 1081 493 1368 570; x_wconf 74' lang='lat' dir='ltr'>planitiem</span> <span class='ocrx_word' id='word_1_17' title='bbox 1392 501 1676 556; x_wconf 81' lang='lat' dir='ltr'>certamini</span> 
     </span>
     <span class='ocr_line' id='line_1_4' title="bbox 106 591 1676 672; baseline 0.007 -24"><span class='ocrx_word' id='word_1_18' title='bbox 106 611 169 648; x_wconf 90' lang='lat' dir='ltr'>ac</span> <span class='ocrx_word' id='word_1_19' title='bbox 219 591 503 670; x_wconf 89' lang='lat' dir='ltr'>triumpho</span> <span class='ocrx_word' id='word_1_20' title='bbox 548 594 883 670; x_wconf 80' lang='lat' dir='ltr'>assignatam</span> <span class='ocrx_word' id='word_1_21' title='bbox 926 604 1260 672; x_wconf 87' lang='lat' dir='ltr'>perventum</span> <span class='ocrx_word' id='word_1_22' title='bbox 1313 606 1427 670; x_wconf 91' lang='lat' dir='ltr'>est,</span> <span class='ocrx_word' id='word_1_23' title='bbox 1480 599 1676 659; x_wconf 91' lang='lat' dir='ltr'>heroes</span> 
     </span>
     <span class='ocr_line' id='line_1_5' title="bbox 103 695 1678 773; baseline 0.007 -25"><span class='ocrx_word' id='word_1_24' title='bbox 103 711 218 749; x_wconf 90' lang='lat' dir='ltr'>non</span> <span class='ocrx_word' id='word_1_25' title='bbox 258 695 557 771; x_wconf 86' lang='lat' dir='ltr'>expectatis</span> <span class='ocrx_word' id='word_1_26' title='bbox 594 715 625 752; x_wconf 90' lang='lat' dir='ltr'>a</span> <span class='ocrx_word' id='word_1_27' title='bbox 666 696 877 773; x_wconf 87' lang='lat' dir='ltr'>quibus</span> <span class='ocrx_word' id='word_1_28' title='bbox 918 696 1224 773; x_wconf 77' lang='lat' dir='ltr'>ligarentur</span> <span class='ocrx_word' id='word_1_29' title='bbox 1253 696 1570 772; x_wconf 76' lang='lat' dir='ltr'>lictoribus,</span> <span class='ocrx_word' id='word_1_30' title='bbox 1605 702 1678 758; x_wconf 88' lang='lat' dir='ltr'>ad</span> 
     </span>
     <span class='ocr_line' id='line_1_6' title="bbox 102 796 1677 874; baseline 0.005 -24"><span class='ocrx_word' id='word_1_31' title='bbox 102 813 268 851; x_wconf 88' lang='lat' dir='ltr'>suum</span> <span class='ocrx_word' id='word_1_32' title='bbox 323 796 562 873; x_wconf 87' lang='lat' dir='ltr'>quisque</span> <span class='ocrx_word' id='word_1_33' title='bbox 610 797 804 874; x_wconf 86' lang='lat' dir='ltr'>palum</span> <span class='ocrx_word' id='word_1_34' title='bbox 864 807 1260 871; x_wconf 88' lang='lat' dir='ltr'>cucurrerunt,</span> <span class='ocrx_word' id='word_1_35' title='bbox 1315 807 1464 856; x_wconf 89' lang='lat' dir='ltr'>arcte</span> <span class='ocrx_word' id='word_1_36' title='bbox 1515 800 1677 858; x_wconf 91' lang='lat' dir='ltr'>illum</span> 
     </span>
     <span class='ocr_line' id='line_1_7' title="bbox 100 895 1674 979; baseline 0.005 -28"><span class='ocrx_word' id='word_1_37' title='bbox 100 895 482 972; x_wconf 84' lang='lat' dir='ltr'>amplexantes</span> <span class='ocrx_word' id='word_1_38' title='bbox 533 918 596 955; x_wconf 91' lang='lat' dir='ltr'>ac</span> <span class='ocrx_word' id='word_1_39' title='bbox 648 899 890 956; x_wconf 89' lang='lat' dir='ltr'>suaviter</span> <span class='ocrx_word' id='word_1_40' title='bbox 940 900 1247 958; x_wconf 87' lang='lat' dir='ltr'>deosculati</span> <span class='ocrx_word' id='word_1_41' title='bbox 1306 923 1317 957; x_wconf 93' lang='lat'>:</span> <span class='ocrx_word' id='word_1_42' title='bbox 1373 901 1674 979; x_wconf 91' lang='lat' dir='ltr'>statimque</span> 
     </span>
     <span class='ocr_line' id='line_1_8' title="bbox 96 996 1675 1078; baseline 0.006 -26"><span class='ocrx_word' id='word_1_43' title='bbox 96 996 239 1072; x_wconf 88' lang='lat' dir='ltr'>ignis</span> <span class='ocrx_word' id='word_1_44' title='bbox 277 997 537 1056; x_wconf 87' lang='lat' dir='ltr'>admotus</span> <span class='ocrx_word' id='word_1_45' title='bbox 571 1008 653 1056; x_wconf 88' lang='lat' dir='ltr'>est</span> <span class='ocrx_word' id='word_1_46' title='bbox 687 999 887 1072; x_wconf 83' lang='lat' dir='ltr'>aridae,</span> <span class='ocrx_word' id='word_1_47' title='bbox 922 1021 1053 1078; x_wconf 84' lang='lat' dir='ltr'>quae</span> <span class='ocrx_word' id='word_1_48' title='bbox 1098 1003 1526 1074; x_wconf 69' lang='lat' dir='ltr'>circumstabat,</span> <span class='ocrx_word' id='word_1_49' title='bbox 1561 1025 1675 1062; x_wconf 90' lang='lat' dir='ltr'>ma-</span> 
     </span>
     <span class='ocr_line' id='line_1_9' title="bbox 98 1099 1673 1176; baseline 0.006 -25"><span class='ocrx_word' id='word_1_50' title='bbox 98 1099 270 1154; x_wconf 83' lang='lat' dir='ltr'>teriae.</span> <span class='ocrx_word' id='word_1_51' title='bbox 329 1099 598 1159; x_wconf 85' lang='lat' dir='ltr'>Precibus</span> <span class='ocrx_word' id='word_1_52' title='bbox 663 1101 1141 1176; x_wconf 89' lang='lat' dir='ltr'>Christianorum,</span> <span class='ocrx_word' id='word_1_53' title='bbox 1196 1103 1453 1162; x_wconf 89' lang='lat' dir='ltr'>lamentis</span> <span class='ocrx_word' id='word_1_54' title='bbox 1507 1105 1673 1161; x_wconf 87' lang='lat' dir='ltr'>etiam</span> 
     </span>
     <span class='ocr_line' id='line_1_10' title="bbox 96 1200 1670 1284; baseline 0.005 -28"><span class='ocrx_word' id='word_1_55' title='bbox 96 1200 475 1277; x_wconf 88' lang='lat' dir='ltr'>ethnicorum,</span> <span class='ocrx_word' id='word_1_56' title='bbox 524 1225 756 1282; x_wconf 89' lang='lat' dir='ltr'>campus</span> <span class='ocrx_word' id='word_1_57' title='bbox 790 1206 970 1262; x_wconf 90' lang='lat' dir='ltr'>omnis</span> <span class='ocrx_word' id='word_1_58' title='bbox 1009 1207 1320 1282; x_wconf 89' lang='lat' dir='ltr'>personuit.</span> <span class='ocrx_word' id='word_1_59' title='bbox 1362 1207 1670 1284; x_wconf 78' lang='lat' dir='ltr'>MartyreS,</span> 
     </span>
     <span class='ocr_line' id='line_1_11' title="bbox 97 1305 1674 1381; baseline 0.005 -23"><span class='ocrx_word' id='word_1_60' title='bbox 97 1305 350 1380; x_wconf 89' lang='lat' dir='ltr'>quandiu</span> <span class='ocrx_word' id='word_1_61' title='bbox 372 1325 478 1362; x_wconf 79' lang='lat' dir='ltr'>vox</span> <span class='ocrx_word' id='word_1_62' title='bbox 513 1315 569 1362; x_wconf 91' lang='lat' dir='ltr'>et</span> <span class='ocrx_word' id='word_1_63' title='bbox 603 1307 833 1362; x_wconf 86' lang='lat' dir='ltr'>flamma</span> <span class='ocrx_word' id='word_1_64' title='bbox 859 1308 1019 1381; x_wconf 88' lang='lat' dir='ltr'>sivit,</span> <span class='ocrx_word' id='word_1_65' title='bbox 1053 1309 1198 1366; x_wconf 89' lang='lat' dir='ltr'>inter</span> <span class='ocrx_word' id='word_1_66' title='bbox 1220 1328 1278 1366; x_wconf 93' lang='lat' dir='ltr'>se</span> <span class='ocrx_word' id='word_1_67' title='bbox 1308 1307 1674 1367; x_wconf 89' lang='lat' dir='ltr'>cohortaban-</span> 
     </span>
     <span class='ocr_line' id='line_1_12' title="bbox 94 1407 1672 1479; baseline 0.003 -17"><span class='ocrx_word' id='word_1_68' title='bbox 94 1415 209 1479; x_wconf 90' lang='lat' dir='ltr'>tur,</span> <span class='ocrx_word' id='word_1_69' title='bbox 253 1417 350 1464; x_wconf 89' lang='lat' dir='ltr'>aut</span> <span class='ocrx_word' id='word_1_70' title='bbox 398 1407 594 1466; x_wconf 88' lang='lat' dir='ltr'>laudes</span> <span class='ocrx_word' id='word_1_71' title='bbox 650 1407 864 1466; x_wconf 83' lang='lat' dir='ltr'>divinas</span> <span class='ocrx_word' id='word_1_72' title='bbox 916 1410 1309 1467; x_wconf 88' lang='lat' dir='ltr'>concinebant.</span> <span class='ocrx_word' id='word_1_73' title='bbox 1367 1411 1564 1467; x_wconf 83' lang='lat' dir='ltr'>Stabat</span> <span class='ocrx_word' id='word_1_74' title='bbox 1613 1413 1672 1468; x_wconf 88' lang='lat' dir='ltr'>in</span> 
     </span>
     <span class='ocr_line' id='line_1_13' title="bbox 92 1500 1670 1588; baseline 0.003 -24"><span class='ocrx_word' id='word_1_75' title='bbox 92 1508 238 1566; x_wconf 90' lang='lat' dir='ltr'>felici</span> <span class='ocrx_word' id='word_1_76' title='bbox 288 1511 510 1586; x_wconf 85' lang='lat' dir='ltr'>agmine</span> <span class='ocrx_word' id='word_1_77' title='bbox 549 1530 691 1588; x_wconf 86' lang='lat' dir='ltr'>puer</span> <span class='ocrx_word' id='word_1_78' title='bbox 733 1530 1009 1569; x_wconf 85' lang='lat' dir='ltr'>annorum</span> <span class='ocrx_word' id='word_1_79' title='bbox 1053 1512 1339 1570; x_wconf 85' lang='lat' dir='ltr'>undecim.</span> <span class='ocrx_word' id='word_1_80' title='bbox 1395 1500 1670 1570; x_wconf 83' lang='lat' dir='ltr'>Ambusto</span> 
     </span>
     <span class='ocr_line' id='line_1_14' title="bbox 92 1612 1669 1690; baseline 0.003 -22"><span class='ocrx_word' id='word_1_81' title='bbox 92 1612 460 1688; x_wconf 86' lang='lat' dir='ltr'>corpuscuIO,</span> <span class='ocrx_word' id='word_1_82' title='bbox 521 1633 650 1670; x_wconf 90' lang='lat' dir='ltr'>cum</span> <span class='ocrx_word' id='word_1_83' title='bbox 694 1616 813 1690; x_wconf 88' lang='lat' dir='ltr'>ejus</span> <span class='ocrx_word' id='word_1_84' title='bbox 852 1612 1016 1670; x_wconf 87' lang='lat' dir='ltr'>funes</span> <span class='ocrx_word' id='word_1_85' title='bbox 1066 1614 1209 1689; x_wconf 89' lang='lat' dir='ltr'>ignis</span> <span class='ocrx_word' id='word_1_86' title='bbox 1260 1614 1547 1688; x_wconf 81' lang='lat' dir='ltr'>solvisset,</span> <span class='ocrx_word' id='word_1_87' title='bbox 1595 1616 1669 1673; x_wconf 88' lang='lat' dir='ltr'>ad</span> 
     </span>
     <span class='ocr_line' id='line_1_15' title="bbox 90 1714 1667 1793; baseline 0.001 -21"><span class='ocrx_word' id='word_1_88' title='bbox 90 1724 325 1772; x_wconf 91' lang='lat' dir='ltr'>matrem</span> <span class='ocrx_word' id='word_1_89' title='bbox 386 1735 486 1793; x_wconf 93' lang='lat' dir='ltr'>per</span> <span class='ocrx_word' id='word_1_90' title='bbox 539 1714 724 1772; x_wconf 84' lang='lat' dir='ltr'>media</span> <span class='ocrx_word' id='word_1_91' title='bbox 773 1715 1042 1793; x_wconf 88' lang='lat' dir='ltr'>processit</span> <span class='ocrx_word' id='word_1_92' title='bbox 1097 1715 1385 1788; x_wconf 90' lang='lat' dir='ltr'>incendia,</span> <span class='ocrx_word' id='word_1_93' title='bbox 1439 1725 1495 1773; x_wconf 92' lang='lat' dir='ltr'>et</span> <span class='ocrx_word' id='word_1_94' title='bbox 1543 1737 1667 1774; x_wconf 90' lang='lat' dir='ltr'>eam</span> 
     </span>
     <span class='ocr_line' id='line_1_16' title="bbox 87 1815 1660 1895; baseline -0.001 -21"><span class='ocrx_word' id='word_1_95' title='bbox 87 1815 333 1874; x_wconf 88' lang='lat' dir='ltr'>flammis</span> <span class='ocrx_word' id='word_1_96' title='bbox 388 1818 848 1895; x_wconf 89' lang='lat' dir='ltr'>circumspectam</span> <span class='ocrx_word' id='word_1_97' title='bbox 900 1815 1113 1873; x_wconf 89' lang='lat' dir='ltr'>blande</span> <span class='ocrx_word' id='word_1_98' title='bbox 1169 1816 1496 1893; x_wconf 79' lang='lat' dir='ltr'>complexus</span> <span class='ocrx_word' id='word_1_99' title='bbox 1555 1824 1660 1874; x_wconf 89' lang='lat' dir='ltr'>est.</span> 
     </span>
     <span class='ocr_line' id='line_1_17' title="bbox 89 1916 1666 1996; baseline -0.001 -20"><span class='ocrx_word' id='word_1_100' title='bbox 89 1918 194 1976; x_wconf 88' lang='lat' dir='ltr'>Cui</span> <span class='ocrx_word' id='word_1_101' title='bbox 228 1927 404 1976; x_wconf 89' lang='lat' dir='ltr'>mater</span> <span class='ocrx_word' id='word_1_102' title='bbox 439 1941 451 1976; x_wconf 92' lang='lat'>:</span> <span class='ocrx_word' id='word_1_103' title='bbox 492 1918 626 1992; x_wconf 90' lang='lat' dir='ltr'>Fili,</span> <span class='ocrx_word' id='word_1_104' title='bbox 669 1919 889 1996; x_wconf 90' lang='lat' dir='ltr'>inquit,</span> <span class='ocrx_word' id='word_1_105' title='bbox 937 1917 1142 1974; x_wconf 88' lang='lat' dir='ltr'>coelum</span> <span class='ocrx_word' id='word_1_106' title='bbox 1174 1918 1430 1991; x_wconf 90' lang='lat' dir='ltr'>intuere,</span> <span class='ocrx_word' id='word_1_107' title='bbox 1469 1916 1666 1976; x_wconf 90' lang='lat' dir='ltr'>Jesum</span> 
     </span>
     <span class='ocr_line' id='line_1_18' title="bbox 89 2019 1666 2097; baseline 0.001 -21"><span class='ocrx_word' id='word_1_108' title='bbox 89 2028 144 2076; x_wconf 94' lang='lat' dir='ltr'>et</span> <span class='ocrx_word' id='word_1_109' title='bbox 173 2019 404 2076; x_wconf 88' lang='lat' dir='ltr'>Mariam</span> <span class='ocrx_word' id='word_1_110' title='bbox 442 2020 660 2077; x_wconf 87' lang='lat' dir='ltr'>invoca.</span> <span class='ocrx_word' id='word_1_111' title='bbox 701 2020 844 2077; x_wconf 91' lang='lat' dir='ltr'>Cum</span> <span class='ocrx_word' id='word_1_112' title='bbox 880 2039 1022 2097; x_wconf 90' lang='lat' dir='ltr'>puer</span> <span class='ocrx_word' id='word_1_113' title='bbox 1060 2019 1404 2077; x_wconf 89' lang='lat' dir='ltr'>sanctissima</span> <span class='ocrx_word' id='word_1_114' title='bbox 1437 2021 1666 2077; x_wconf 88' lang='lat' dir='ltr'>nomina</span> 
     </span>
     <span class='ocr_line' id='line_1_19' title="bbox 87 2113 1665 2197; baseline 0.001 -23"><span class='ocrx_word' id='word_1_115' title='bbox 87 2120 249 2176; x_wconf 90' lang='lat' dir='ltr'>tertio</span> <span class='ocrx_word' id='word_1_116' title='bbox 286 2129 598 2197; x_wconf 76' lang='lat' dir='ltr'>repeteret,</span> <span class='ocrx_word' id='word_1_117' title='bbox 640 2113 947 2178; x_wconf 79' lang='lat' dir='ltr'>animulam</span> <span class='ocrx_word' id='word_1_118' title='bbox 991 2121 1049 2176; x_wconf 90' lang='lat' dir='ltr'>in</span> <span class='ocrx_word' id='word_1_119' title='bbox 1091 2121 1218 2178; x_wconf 91' lang='lat' dir='ltr'>sinu</span> <span class='ocrx_word' id='word_1_120' title='bbox 1259 2120 1452 2177; x_wconf 88' lang='lat' dir='ltr'>matris</span> <span class='ocrx_word' id='word_1_121' title='bbox 1495 2120 1665 2197; x_wconf 90' lang='lat' dir='ltr'>depo-</span> 
     </span>
     <span class='ocr_line' id='line_1_20' title="bbox 86 2222 1666 2300; baseline 0.001 -20"><span class='ocrx_word' id='word_1_122' title='bbox 86 2223 229 2294; x_wconf 67' lang='lat' dir='ltr'>suit,</span> <span class='ocrx_word' id='word_1_123' title='bbox 284 2242 527 2299; x_wconf 85' lang='lat' dir='ltr'>moxque</span> <span class='ocrx_word' id='word_1_124' title='bbox 578 2242 746 2300; x_wconf 92' lang='lat' dir='ltr'>super</span> <span class='ocrx_word' id='word_1_125' title='bbox 788 2222 1033 2280; x_wconf 87' lang='lat' dir='ltr'>filiolum</span> <span class='ocrx_word' id='word_1_126' title='bbox 1080 2241 1345 2280; x_wconf 88' lang='lat' dir='ltr'>corruens</span> <span class='ocrx_word' id='word_1_127' title='bbox 1395 2241 1666 2300; x_wconf 86' lang='lat' dir='ltr'>generosa</span> 
     </span>
     <span class='ocr_line' id='line_1_21' title="bbox 84 2323 1662 2402; baseline 0 -21"><span class='ocrx_word' id='word_1_128' title='bbox 84 2333 262 2381; x_wconf 89' lang='lat' dir='ltr'>mater</span> <span class='ocrx_word' id='word_1_129' title='bbox 296 2325 582 2382; x_wconf 89' lang='lat' dir='ltr'>occubuit.</span> <span class='ocrx_word' id='word_1_130' title='bbox 623 2324 969 2402; x_wconf 84' lang='lat' dir='ltr'>Praecipuam</span> <span class='ocrx_word' id='word_1_131' title='bbox 1015 2323 1439 2380; x_wconf 89' lang='lat' dir='ltr'>admirationem</span> <span class='ocrx_word' id='word_1_132' title='bbox 1490 2333 1546 2381; x_wconf 91' lang='lat' dir='ltr'>et</span> <span class='ocrx_word' id='word_1_133' title='bbox 1588 2324 1662 2381; x_wconf 89' lang='lat' dir='ltr'>ab</span> 
     </span>
     <span class='ocr_line' id='line_1_22' title="bbox 86 2424 1666 2503; baseline -0.001 -22"><span class='ocrx_word' id='word_1_134' title='bbox 86 2424 413 2483; x_wconf 87' lang='lat' dir='ltr'>hominibus</span> <span class='ocrx_word' id='word_1_135' title='bbox 456 2426 798 2503; x_wconf 89' lang='lat' dir='ltr'>Superisque</span> <span class='ocrx_word' id='word_1_136' title='bbox 838 2425 1102 2503; x_wconf 89' lang='lat' dir='ltr'>plausum</span> <span class='ocrx_word' id='word_1_137' title='bbox 1145 2425 1275 2481; x_wconf 90' lang='lat' dir='ltr'>tulit</span> <span class='ocrx_word' id='word_1_138' title='bbox 1318 2424 1666 2501; x_wconf 85' lang='lat' dir='ltr'>Magdalenae</span> 
     </span>
     <span class='ocr_line' id='line_1_23' title="bbox 91 2526 1661 2606; baseline 0.001 -23"><span class='ocrx_word' id='word_1_139' title='bbox 91 2527 331 2603; x_wconf 85' lang='lat' dir='ltr'>Virginis</span> <span class='ocrx_word' id='word_1_140' title='bbox 361 2526 578 2585; x_wconf 88' lang='lat' dir='ltr'>illustre</span> <span class='ocrx_word' id='word_1_141' title='bbox 607 2528 679 2584; x_wconf 92' lang='lat' dir='ltr'>ad</span> <span class='ocrx_word' id='word_1_142' title='bbox 702 2529 1038 2606; x_wconf 88' lang='lat' dir='ltr'>posteritatis</span> <span class='ocrx_word' id='word_1_143' title='bbox 1068 2529 1392 2584; x_wconf 88' lang='lat' dir='ltr'>memoriam</span> <span class='ocrx_word' id='word_1_144' title='bbox 1417 2528 1661 2586; x_wconf 89' lang='lat' dir='ltr'>facinus:</span> 
     </span>
     <span class='ocr_line' id='line_1_24' title="bbox 86 2629 1666 2706; baseline 0.001 -22"><span class='ocrx_word' id='word_1_145' title='bbox 86 2646 421 2686; x_wconf 86' lang='lat' dir='ltr'>consuevere</span> <span class='ocrx_word' id='word_1_146' title='bbox 468 2629 746 2706; x_wconf 84' lang='lat' dir='ltr'>Japones,</span> <span class='ocrx_word' id='word_1_147' title='bbox 808 2650 939 2706; x_wconf 83' lang='lat' dir='ltr'>quae</span> <span class='ocrx_word' id='word_1_148' title='bbox 996 2631 1184 2705; x_wconf 88' lang='lat' dir='ltr'>magni</span> <span class='ocrx_word' id='word_1_149' title='bbox 1229 2630 1540 2702; x_wconf 74' lang='lat' dir='ltr'>aestimant,</span> <span class='ocrx_word' id='word_1_150' title='bbox 1601 2648 1666 2686; x_wconf 87' lang='lat' dir='ltr'>ea</span> 
     </span>
     <span class='ocr_line' id='line_1_25' title="bbox 82 2730 1660 2809; baseline 0 -23"><span class='ocrx_word' id='word_1_151' title='bbox 82 2731 370 2806; x_wconf 87' lang='lat' dir='ltr'>imponere</span> <span class='ocrx_word' id='word_1_152' title='bbox 398 2731 594 2807; x_wconf 72' lang='lat' dir='ltr'>capitit,</span> <span class='ocrx_word' id='word_1_153' title='bbox 628 2731 811 2809; x_wconf 90' lang='lat' dir='ltr'>ruptis</span> <span class='ocrx_word' id='word_1_154' title='bbox 837 2732 1008 2808; x_wconf 89' lang='lat' dir='ltr'>igitur</span> <span class='ocrx_word' id='word_1_155' title='bbox 1039 2732 1168 2807; x_wconf 90' lang='lat' dir='ltr'>igne</span> <span class='ocrx_word' id='word_1_156' title='bbox 1198 2730 1435 2788; x_wconf 87' lang='lat' dir='ltr'>vinculis</span> <span class='ocrx_word' id='word_1_157' title='bbox 1466 2730 1660 2808; x_wconf 90' lang='lat' dir='ltr'>puella</span> 
     </span>
     <span class='ocr_line' id='line_1_26' title="bbox 84 2833 1660 2912; baseline 0.001 -23"><span class='ocrx_word' id='word_1_158' title='bbox 84 2833 307 2890; x_wconf 87' lang='lat' dir='ltr'>demisit</span> <span class='ocrx_word' id='word_1_159' title='bbox 336 2852 422 2905; x_wconf 91' lang='lat' dir='ltr'>se,</span> <span class='ocrx_word' id='word_1_160' title='bbox 456 2833 869 2912; x_wconf 89' lang='lat' dir='ltr'>candentesque</span> <span class='ocrx_word' id='word_1_161' title='bbox 891 2853 1102 2911; x_wconf 88' lang='lat' dir='ltr'>prunas</span> <span class='ocrx_word' id='word_1_162' title='bbox 1126 2842 1365 2910; x_wconf 88' lang='lat' dir='ltr'>utraque</span> <span class='ocrx_word' id='word_1_163' title='bbox 1391 2833 1660 2911; x_wconf 88' lang='lat' dir='ltr'>colligens</span> 
     </span>
     <span class='ocr_line' id='line_1_27' title="bbox 83 2935 1657 3014; baseline 0.001 -23"><span class='ocrx_word' id='word_1_164' title='bbox 83 2956 254 2992; x_wconf 88' lang='lat' dir='ltr'>manu</span> <span class='ocrx_word' id='word_1_165' title='bbox 275 2980 290 3008; x_wconf 92' lang='lat'>,</span> <span class='ocrx_word' id='word_1_166' title='bbox 325 2935 491 3012; x_wconf 90' lang='lat' dir='ltr'>capiti</span> <span class='ocrx_word' id='word_1_167' title='bbox 521 2937 921 2995; x_wconf 88' lang='lat' dir='ltr'>venerabunda</span> <span class='ocrx_word' id='word_1_168' title='bbox 941 2982 955 3011; x_wconf 93' lang='lat'>,</span> <span class='ocrx_word' id='word_1_169' title='bbox 992 2946 1278 3014; x_wconf 89' lang='lat' dir='ltr'>tamquam</span> <span class='ocrx_word' id='word_1_170' title='bbox 1300 2936 1516 3014; x_wconf 89' lang='lat' dir='ltr'>geniale</span> <span class='ocrx_word' id='word_1_171' title='bbox 1547 2956 1657 2994; x_wconf 91' lang='lat' dir='ltr'>ser-</span> 
     </span>
     <span class='ocr_line' id='line_1_28' title="bbox 85 3037 1655 3117; baseline 0.001 -26"><span class='ocrx_word' id='word_1_172' title='bbox 85 3045 237 3108; x_wconf 90' lang='lat' dir='ltr'>tum,</span> <span class='ocrx_word' id='word_1_173' title='bbox 269 3037 566 3114; x_wconf 68' lang='lat' dir='ltr'>imposuit,</span> <span class='ocrx_word' id='word_1_174' title='bbox 607 3037 810 3096; x_wconf 90' lang='lat' dir='ltr'>deinde</span> <span class='ocrx_word' id='word_1_175' title='bbox 840 3039 1217 3117; x_wconf 88' lang='lat' dir='ltr'>placidissime</span> <span class='ocrx_word' id='word_1_176' title='bbox 1251 3039 1655 3107; x_wconf 82' lang='lat' dir='ltr'>succumbenS,</span> 
     </span>
     <span class='ocr_line' id='line_1_29' title="bbox 90 3135 1660 3219; baseline -0.001 -25"><span class='ocrx_word' id='word_1_177' title='bbox 90 3156 218 3194; x_wconf 91' lang='lat' dir='ltr'>cum</span> <span class='ocrx_word' id='word_1_178' title='bbox 248 3155 307 3194; x_wconf 87' lang='lat' dir='ltr'>se</span> <span class='ocrx_word' id='word_1_179' title='bbox 333 3139 490 3214; x_wconf 89' lang='lat' dir='ltr'>prius</span> <span class='ocrx_word' id='word_1_180' title='bbox 520 3141 640 3219; x_wconf 86' lang='lat' dir='ltr'>ipsa</span> <span class='ocrx_word' id='word_1_181' title='bbox 670 3151 1018 3216; x_wconf 85' lang='lat' dir='ltr'>coronasset,</span> <span class='ocrx_word' id='word_1_182' title='bbox 1052 3142 1317 3200; x_wconf 87' lang='lat' dir='ltr'>victorem</span> <span class='ocrx_word' id='word_1_183' title='bbox 1353 3142 1469 3198; x_wconf 92' lang='lat' dir='ltr'>Deo</span> <span class='ocrx_word' id='word_1_184' title='bbox 1506 3135 1660 3213; x_wconf 88' lang='lat' dir='ltr'>spiri-</span> 
     </span>
     <span class='ocr_line' id='line_1_30' title="bbox 89 3240 505 3299; baseline 0.007 -3"><span class='ocrx_word' id='word_1_185' title='bbox 89 3250 210 3297; x_wconf 87' lang='lat' dir='ltr'>tum</span> <span class='ocrx_word' id='word_1_186' title='bbox 242 3240 505 3299; x_wconf 87' lang='lat' dir='ltr'>reddidit.</span> 
     </span>
    </p>
   </div>
  </div>
 </body>
</html>
