2210 3651
429 337 702 376 HlsTORIAE
743 334 1066 372 SOCIETATIS
1110 337 1259 376 JESU.
1519 318 1637 375 207

75 449 212 506 ceris
266 443 614 522 squalentem
672 439 929 508 detersit,
991 437 1198 494 amicos
1249 438 1320 493 ad
1376 460 1533 512 suas,
1578 450 1642 497 ut

73 548 285 620 aiebat,
324 546 547 623 nuptias
593 541 865 599 invitavit.
914 539 1105 598 Noctis
1150 548 1364 615 partem
1404 562 1434 596 a
1483 540 1641 598 satel—

71 651 234 707 litum
276 647 527 706 tumultu
569 664 802 702 vacuam
846 651 1071 714 nactUS,
1119 642 1422 718 precationi
1459 643 1635 699 dedit.

71 754 254 809 Prima
290 751 415 808 luce
452 749 541 806 die
571 768 609 804 x
641 747 824 804 Martii
859 763 1089 816 Mncxv,
1131 743 1412 799 concurrit
1451 744 1641 800 civitas

70 854 249 910 omnis
278 854 462 910 visura
496 850 810 918 hominem,
865 849 1024 922 cujus
1061 846 1459 915 constantiam,
1500 843 1643 899 dolis

71 955 478 1030 doloribusque
512 954 807 1027 majorem,
844 948 985 1004 livor
1022 949 1142 1024 ipse
1174 946 1477 1016 laudabat,
1519 945 1643 1020 pie-

70 1067 238 1114 tatem
307 1058 428 1132 ipsa
489 1050 862 1108 venerabatur
922 1050 1201 1125 impietas.
1273 1052 1645 1122 Quocumque

70 1155 435 1234 triumphales
469 1153 685 1232 potius,
732 1171 903 1227 quam
937 1149 1123 1207 feralis
1159 1169 1367 1226 pompa
1402 1146 1644 1205 duceba-

71 1271 194 1332 tur,
239 1256 685 1316 exaudiebantur
726 1272 888 1309 voces
931 1252 1079 1309 bene
1114 1253 1496 1329 precantium,
1544 1271 1648 1308 nec

69 1362 187 1418 sine
230 1358 491 1436 lacrymis
535 1355 1076 1426 commiserantium,
1123 1353 1426 1430 palamque
1469 1352 1647 1429 proli-

71 1464 307 1520 tentium
355 1458 637 1536 religionis
684 1457 969 1512 catholicae
1011 1474 1218 1512 nomen
1275 1474 1454 1511 unum
1497 1453 1648 1511 illius

71 1566 280 1622 crimen
316 1581 456 1620 esse.
497 1558 786 1635 Ogilbaeus
830 1567 1017 1614 sancte
1058 1577 1290 1635 superos
1322 1576 1515 1614 omnes
1545 1567 1650 1614 tes-

66 1677 214 1725 tatus
259 1664 399 1722 nihil
435 1664 649 1720 dictum
698 1681 730 1717 a
779 1680 837 1718 se
878 1659 1192 1731 factumve,
1233 1678 1346 1736 quo
1393 1662 1649 1735 majestas

67 1765 356 1846 regiafflel
385 1765 579 1842 patriae
603 1762 841 1820 charitas
863 1761 994 1818 laedi
1025 1771 1243 1839 posset,
1274 1760 1454 1816 alacer
1475 1762 1649 1817 evasit

68 1872 124 1927 in
175 1867 532 1946 patibulum,
580 1875 636 1923 et
687 1864 998 1923 secundum
1051 1862 1369 1934 Christum,
1426 1860 1651 1918 Beatam

68 1972 354 2048 Virginem
378 1969 702 2044 coelitesque
725 1975 934 2023 ceteros
958 1965 1048 2042 pie
1070 1973 1352 2042 precatus,
1378 1962 1651 2040 pergebat

68 2072 367 2131 catholicos
392 2060 703 2128 hortari'ad
734 2068 866 2126 fidei
896 2068 1263 2125 constantiam
1282 2111 1296 2139 ,
1324 2086 1452 2122 cum
1475 2075 1650 2121 tortor

67 2196 98 2232 a
141 2174 468 2250 magistratu
519 2173 856 2249 increpitus,
914 2171 1193 2228 dicentem
1245 2169 1567 2226 deturbavit
1618 2190 1649 2227 e

70 2275 252 2334 scalis,
302 2274 504 2350 Ingens
547 2282 778 2350 repente
828 2273 1081 2328 omnium
1129 2274 1371 2349 gemitus
1415 2282 1506 2345 et,
1552 2274 1651 2350 qui

67 2378 388 2456 panegyrici
423 2376 611 2433 locum
648 2375 962 2447 obtineret,
1006 2374 1216 2432 clamor
1246 2376 1432 2452 erupit
1462 2376 1650 2432 detes-

67 2482 307 2538 tantium
350 2489 540 2557 aperte
581 2477 862 2555 judicium
913 2478 1208 2554 iniquum,
1263 2487 1319 2534 et
1369 2478 1650 2534 orantium

69 2583 390 2659 aequitatem
441 2581 698 2658 Supremi
750 2580 1045 2652 NuminiS,
1098 2589 1162 2637 ut
1204 2579 1487 2657 parricidii
1537 2599 1653 2656 poe-

71 2704 201 2740 nam
237 2683 311 2740 ab
355 2682 669 2740 immerenti
713 2690 769 2739 et
809 2682 1036 2738 innoxio
1081 2680 1297 2759 populo
1333 2682 1391 2737 in
1431 2680 1653 2739 sceleris

70 2797 323 2845 auctores
358 2793 722 2842 converteret.

236 2889 387 2945 Inter
424 2885 741 2958 Hibernos,
787 2894 983 2963 utpote
1013 2884 1086 2942 ab
1122 2884 1250 2943 aula
1294 2885 1650 2957 remotioreS,

71 2992 288 3051 facilius
317 3001 372 3050 et
401 2990 646 3068 quietius
676 2989 946 3047 catholica
970 3009 1058 3047 res
1080 2990 1380 3068 gerebatur
1403 3010 1434 3046 a
1456 2989 1651 3067 viginti

73 3092 357 3151 Societatis
407 3092 618 3173 colonis
665 3111 767 3170 per
815 3091 1056 3151 insulam
1101 3094 1342 3171 sparsis,
1392 3092 1465 3150 ad
1508 3109 1650 3168 quos

71 3214 218 3253 anno
271 3196 555 3272 superiore
598 3195 743 3253 Socii
796 3214 892 3254 sex
942 3204 1310 3253 accesserant.
1363 3195 1650 3265 Quantum

74 3316 258 3375 operae
280 3297 525 3375 pretium
553 3296 763 3356 factum
793 3299 864 3356 sit
892 3297 951 3353 in
986 3296 1283 3354 residentia
1314 3291 1648 3350 Dublinensi

1763 2882 1967 2924 Hiberniae

1688 2949 1804 2988 variae
1825 2955 1956 2999 partes

1687 3012 1939 3054 excoluntur.
