2210 3651
735 288 906 328 mnsx
947 288 1384 329 ALPHABETIGUS.
1830 265 1952 325 275

165 388 485 437 GERMANIAE
511 389 776 449 Superioris
798 388 1043 433 Provincia
1066 392 1336 434 constituta.
1362 388 1400 434 1.
1427 386 1538 434 266.

165 471 487 518 GERMANICI
509 476 557 516 in
583 471 706 517 Urbe
728 471 919 530 Collegii
942 470 1044 514 idea
1068 475 1114 513 et
1136 476 1284 513 ortus,
1309 468 1347 513 I.
1371 468 1480 514 205.

164 553 456 599 GERUNDAE
480 557 530 597 in
557 553 824 598 Catalaunia
853 553 1089 610 Lycoeum.
1116 549 1200 594 ΙΙΙ.
1226 551 1254 594 2
1280 557 1324 595 et
1346 551 1456 597 258.

166 634 501 681 GIENNENSE
526 639 575 680 in
603 635 769 679 Baetica
796 633 1075 691 Collegium.
1102 629 1178 677 IV.
1206 631 1312 675 148.

165 717 346 763 GIFOII
392 717 633 779 (Simonis)
680 722 729 762 in
767 716 966 775 Japonia
999 729 1110 760 cum
1148 719 1297 759 matre
1338 720 1384 757 et
1418 726 1568 758 uxore
1599 715 1788 759 herolca
1818 725 1962 759 mors.

289 801 364 847 IV.
392 803 447 847 14
467 809 512 847 et
535 817 633 860 seq.

164 882 352 929 GINGII
376 887 425 928 in
449 899 530 928 ora
554 880 912 928 Coromandelia
937 879 1059 924 Socii
1087 878 1319 936 templum
1342 874 1592 920 aedificant.
1618 874 1702 920 III.
1725 875 1836 922 246.

166 963 487 1010 GLACENSIS
509 968 558 1008 in
581 965 805 1008 Bohemia
827 962 1018 1018 Collegii
1041 963 1250 1004 initium.
1275 956 1357 1002 III.
1381 957 1490 1003 259.

167 1045 296 1091 GOAE
322 1047 652 1091 Seminarium.
678 1042 716 1086 Ι.
741 1043 800 1086 48
824 1048 870 1086 et
893 1042 969 1086 68.

225 1126 543 1172 Seminarium
566 1126 1035 1169 catechumenorum.
1059 1120 1168 1167 267.

226 1208 355 1252 Novi
377 1208 542 1266 templi
567 1206 812 1250 aedificatio
842 1206 1107 1249 multorum
1132 1206 1491 1250 conversionem
1519 1209 1786 1264 promovet.
1809 1202 1871 1248 ΙΙ.
1895 1201 1973 1249 64.

229 1289 541 1334 Conscientiae
564 1302 722 1332 mensa
744 1290 1029 1332 instituitur.
1056 1286 1165 1331 216.

229 1371 543 1415 Ethnicorum
568 1383 767 1428 magnus
790 1384 1015 1415 numerus
1038 1371 1319 1428 baptizatur.
1343 1368 1428 1414 III.
1455 1367 1562 1415 509.

167 1451 319 1499 GOES
345 1451 414 1513 (P.
440 1450 736 1511 Benedictus)
766 1451 983 1509 Catayam
1007 1455 1057 1496 in
1083 1452 1279 1497 Sinense
1300 1454 1556 1511 imperium
1577 1450 1815 1510 dirigitur.
1834 1447 1909 1495 lv.
1929 1447 1975 1494 9.

228 1534 266 1578 Α
290 1533 529 1578 Saracenis
550 1546 732 1576 veneno
757 1533 959 1577 tollitur.
989 1532 1046 1577 10
1068 1540 1115 1578 et
1138 1534 1213 1577 11.

168 1615 387 1662 GOMIUS
413 1615 481 1676 (P.
501 1615 753 1676 Antonius)
781 1616 977 1660 Tanoris
1000 1617 1196 1675 Regem,
1219 1619 1269 1660 in
1296 1616 1386 1661 fide
1418 1618 1629 1660 instruit.
1655 1614 1692 1659 Ι.
1722 1614 1833 1660 151.

165 1699 370 1746 GONDII
395 1697 620 1757 (Henrici)
650 1699 846 1740 Parisini
870 1698 1104 1742 Antistitis
1134 1699 1434 1742 luculentum
1460 1700 1510 1741 in
1540 1696 1822 1742 Societatem
1844 1698 1978 1740 testi-

288 1783 524 1825 monium.
549 1777 625 1823 IV.
657 1778 740 1821 151
770 1782 816 1820 et
837 1791 936 1833 seq.

165 1862 482 1910 GORDONUS
502 1862 571 1923 (P.
595 1858 814 1920 Jacobus)
840 1863 891 1903 in
915 1859 1070 1905 Scotia
1093 1864 1284 1903 strenue
1304 1861 1548 1903 veritatem
1570 1864 1748 1905 tuetur.
1764 1857 1848 1906 111.
1869 1857 1978 1905 260.

172 1944 352 2000 GOTO,
378 1945 589 2005 Japoniae
614 1943 767 1987 insula
794 1941 950 1985 Patres
973 1941 1201 1999 postulat.
1222 1938 1283 1985 ΙΙ.
1313 1939 1419 1985 156.

230 2028 430 2071 Fructus
452 2026 656 2069 illustres
679 2026 1064 2069 conversionum.
1091 2022 1178 2067 166
1200 2028 1364 2080 etseq.

174 2108 385 2155 GRAECII
409 2112 459 2152 in
486 2107 640 2165 Styria
666 2106 929 2165 Collegium
953 2108 1247 2150 institutum.
1275 2103 1337 2148 II.
1360 2102 1471 2149 255.

233 2191 481 2236 Academia
505 2195 721 2250 erigitur.
746 2188 830 2234 111.
857 2189 933 2234 84.

232 2274 494 2319 Fundando
521 2274 730 2332 Collegio
766 2278 811 2316 et
842 2271 1106 2316 Academiae
1140 2269 1374 2329 oppidum
1406 2268 1735 2314 Millestadium
1767 2267 1983 2314 attribui-

302 2361 399 2400 tur.
423 2355 531 2400 214.

238 2437 552 2483 Seminarium
578 2435 974 2480 Ferdinandaeum
998 2433 1239 2478 fundatur.
1264 2432 1339 2478 IV.
1367 2432 1444 2477 75.

177 2518 506 2566 GRAECORUM
533 2520 776 2562 missiones
797 2533 822 2563 a
845 2518 1060 2562 Patribus
1081 2521 1325 2574 susceptae.
1346 2513 1407 2559 II.
1433 2512 1524 2560 268
1548 2519 1595 2559 et
1614 2512 1697 2558 III.
1720 2511 1796 2559 77.

178 2600 466 2649 GRANATAE
494 2600 755 2658 Collegium
779 2603 1062 2658 incoeptum.
1089 2597 1127 2643 I.
1154 2598 1264 2643 246.

240 2686 507 2743 Tempestas
531 2687 580 2727 in
607 2684 888 2728 Societatem
912 2683 1094 2727 oborta.
1117 2680 1174 2726 11.
1200 2681 1245 2727 9.

241 2768 510 2811 Maurorum
531 2768 719 2811 seditio.
745 2767 832 2811 211
860 2771 906 2809 et
928 2779 1027 2822 seq.

243 2849 438 2908 Collegii
466 2848 697 2893 fundatio.
724 2848 834 2893 272.

183 2930 468 2978 GREGORII
488 2931 596 2976 XIII
621 2933 757 2976 Pont.
780 2932 899 2976 Max.
918 2932 1042 2974 circa
1063 2933 1169 2973 vota
1186 2926 1417 2985 simplicia
1436 2928 1486 2969 in
1510 2923 1739 2970 Societate
1759 2924 1988 2968 constitu-

311 3018 481 3059 tiones.
507 3015 567 3060 11.
596 3014 702 3060 176.

245 3096 521 3141 Institutum
548 3111 668 3141 nova
690 3098 1028 3141 constitutione
1052 3092 1335 3138 conformat.
1361 3089 1442 3134 III.
1468 3088 1545 3133 68.

188 3178 524 3224 GREGOMUS
546 3178 658 3233 XIV,
680 3179 816 3223 Pont.
844 3179 960 3223 Max.
987 3177 1263 3221 Societatem
1289 3188 1411 3218 novo
1436 3170 1693 3228 diplomate
1720 3167 1986 3213 confirmat.

316 3259 399 3303 ΙΙΙ.
439 3260 542 3303 146.
