2210 3651
204 1196 245 1231 et
263 1189 412 1231 insulas

184 1255 303 1310 AEgei
324 1252 463 1296 maris.

513 249 635 307 ,0242
1176 269 1417 307 EPJTOME

514 371 967 450 Delphinatium,
1015 374 1204 431 civitas
1247 382 1350 431 est.
1392 374 1531 432 Tota
1574 375 1859 450 dioecesis,
1903 377 2085 435 accitu

515 474 809 552 Episcopi,
849 474 1111 549 lustrata7
1149 484 1204 533 ct
1241 474 1410 531 illatae
1445 497 1544 553 per
1578 477 1834 535 haeresim
1866 478 2085 552 cladeS,

517 585 827 653 utcumque
863 586 993 635 sunt
1022 588 1311 655 reparatae.
1358 579 1418 635 In
1459 581 1523 638 iis
1555 600 1701 658 saepe
1732 582 1868 641 locis
1897 582 2085 640 divina

514 699 602 737 res
638 679 818 753 facta,
860 681 960 737 ubi
991 681 1360 758 quadraginta
1391 683 1519 740 totis
1557 686 1716 742 annis
1750 686 1870 743 fieri
1901 687 2087 744 desie-

514 791 620 839 rat.
662 782 1009 839 Errabundae
1047 802 1175 841 oves
1220 804 1333 840 non
1373 805 1564 862 paucae
1603 786 1675 842 ad
1720 788 1922 846 Christi
1957 809 2088 866 gre-

516 906 641 962 gem
694 894 826 942 sunt
867 894 1171 957 revocatae3
1218 886 1340 942 aliae
1384 887 1552 945 falsos
1594 898 1843 965 pastores
1876 911 1906 946 a
1943 891 2085 947 veris

518 1006 801 1045 secernere
844 986 1193 1060 didicerunt,
1238 989 1296 1044 in
1339 989 1818 1067 disputationibus
1860 990 2088 1068 publice

517 1090 790 1166 susceptis
822 1109 948 1145 cum
979 1088 1194 1165 aliquot
1225 1093 1574 1150 mercenariis
1606 1093 1946 1170 pastoribus,

684 1190 773 1250 Ad
816 1191 1025 1249 insulas
1075 1191 1232 1267 AEgei
1290 1194 1454 1250 maris
1515 1196 1794 1271 expeditio
1852 1195 2088 1272 repetita

517 1293 643 1350 fuit.
686 1293 981 1369 Indigenas
1020 1291 1392 1350 devinxerunt
1436 1297 1699 1371 majorem
1746 1296 1804 1350 in
1851 1296 2084 1352 modum

516 1397 684 1469 Socii7
712 1395 1010 1453 laudandis
1035 1395 1262 1452 Graeciae
1294 1395 1580 1453 catholicae
1604 1396 1974 1473 scriptoribus
1996 1417 2090 1454 an-

514 1499 688 1576 tiquis
709 1542 723 1571 ,
756 1507 812 1555 et
845 1498 1175 1555 Graecanicis
1205 1497 1407 1555 ritibus
1439 1497 1744 1575 prudenter
1766 1499 2088 1576 approban-

517 1603 625 1661 dis.
663 1602 831 1661 Chios
861 1611 915 1659 et
938 1602 1129 1658 Naxus
1151 1645 1164 1671 7
1198 1589 1471 1676 principio
1501 1609 1807 1676 peragratae
1839 1621 1850 1655 ε
1886 1600 2091 1657 deinde

517 1705 823 1776 Therusiaa
869 1703 1125 1780 Episcopi
1157 1700 1355 1771 Sedes7
1398 1700 1654 1757 coenobio
1694 1720 1979 1758 sacrarum
2021 1721 2091 1760 ex

515 1805 711 1863 ordine
760 1803 1127 1861 Dominicano
1179 1801 1500 1877 Virginum,
1548 1810 1604 1857 et
1653 1801 1855 1876 insigni
1903 1801 2090 1879 plebis

516 1929 646 1987 erga
691 1909 1011 1964 Romanum
1070 1904 1399 1960 Pontificem
1454 1903 1808 1960 observantia
1855 1903 2086 1963 nobilis.

515 2014 643 2071 Non
673 2010 871 2068 eadem
897 2009 955 2064 in
985 2006 1168 2065 insula
1196 2006 1337 2063 Paro
1367 2004 1690 2062 Latinorum
1723 2025 1852 2061 cum
1883 2005 2090 2062 Graecis

518 2112 837 2184 consensi03
873 2111 1004 2188 quia
1036 2108 1222 2166 nullos
1244 2107 1411 2184 longo
1441 2106 1737 2165 intervallo
1767 2107 2091 2167 Sacerdotes

516 2217 743 2275 Latinos
794 2214 1068 2271 viderant.
1133 2212 1320 2270 Valuit
1378 2211 1619 2280 multum
1673 2210 1746 2267 ad
1800 2210 2090 2268 demeren-

518 2318 620 2376 dos
650 2318 875 2375 Graecos
904 2315 1211 2393 significata
1241 2314 1457 2371 Summi
1481 2312 1764 2369 Pontificis
1787 2331 1916 2389 erga
1937 2312 2088 2389 ipsos

516 2422 864 2498 benignitas7
901 2420 998 2497 qui
1030 2420 1145 2478 suis
1179 2417 1502 2495 sumptibus
1532 2416 1721 2473 Patres
1744 2414 2030 2472 Societatis
2059 2433 2091 2469 a

518 2526 729 2602 quibus
773 2526 831 2581 in
869 2544 998 2581 vera
1035 2523 1241 2600 pietate
1280 2518 1766 2589 confirmarentur,
1811 2516 2088 2587 mitteret,

518 2626 731 2703 quique
774 2626 833 2681 id
869 2632 1089 2682 curaret
1128 2642 1307 2679 unum
1338 2630 1400 2678 ut
1430 2618 1757 2677 catholicam
1788 2618 2090 2675 retinerent

518 2727 690 2784 fidem
736 2747 800 2784 ac
848 2726 1196 2798 doctrinam,
1251 2742 1608 2801 nequaquam
1669 2740 1799 2777 vero
1842 2729 1905 2776 ut
1958 2737 2106 2777 suos.

518 2832 658 2889 ritus
688 2842 743 2889 et
772 2850 953 2889 mores
975 2830 1311 2906 abjicerent,
1338 2836 1402 2884 ut
1423 2827 1556 2904 ipsis
1583 2823 1755 2901 aliqui
1787 2821 1926 2879 falso
1948 2840 2087 2898 prae-

522 2931 806 2989 dicabant.
862 2932 938 2990 Ea
987 2930 1408 2989 denuntiatione
1459 2926 1652 2985 multis
1694 2923 1935 2982 inlocis
1983 2922 2090 2978 Ro-

523 3052 703 3088 manae
737 3034 894 3091 Sedis
924 3053 1079 3090 amor
1109 3042 1164 3090 et
1193 3032 1529 3107 obsequium
1558 3026 1829 3087 refloruit.
1874 3023 2091 3100 Egressi

520 3137 713 3195 Patres
755 3135 937 3194 insula
984 3136 1154 3206 Paro⁷
1197 3133 1440 3210 Scyron„
1479 3131 1610 3188 inde
1652 3129 1883 3187 Andron
1919 3126 2086 3204 petie-

522 3249 686 3311 runt,
740 3238 842 3296 ubi
883 3256 996 3295 non
1039 3235 1222 3295 solum
1266 3255 1297 3292 a
1342 3233 1667 3294 Christianis
1711 3229 2086 3289 amantissime
