2210 3651
428 293 701 332 msromffi
742 289 1064 328 soc1ETAT1s
1109 293 1260 330 JESU.
1559 271 1639 332 85

72 397 242 474 idque
278 415 439 472 agere
481 414 539 453 se
577 403 642 450 ut
676 392 999 470 religionem
1045 393 1105 449 in
1133 395 1430 471 pristinum
1467 397 1639 456 decus

71 498 401 554 restitueret.
446 495 522 554 Eo
565 496 787 572 negotio
830 515 957 552 cum
1005 496 1163 571 regni
1201 497 1539 573 primoribus
1574 521 1638 558 ac

72 600 330 657 Patribus
367 598 465 656 diu
505 598 865 674 multumque
901 599 1140 674 agitato7
1181 598 1424 675 denique
1461 621 1636 658 unum

73 703 131 758 in
180 711 386 759 coetum
429 701 660 772 vocatis⁷
705 699 1076 756 deliberatum
1118 699 1228 756 sibi
1278 718 1397 757 esse
1437 719 1638 756 renun-

69 804 226 859 tiavit
266 802 604 879 AEthiopiam
647 800 719 856 ad
767 799 1022 857 Ecclesiae
1064 800 1350 857 catholicae
1386 818 1638 855 commu-

69 905 292 962 nionem
329 923 604 961 revocare.
639 903 873 959 Variatis
904 921 1104 980 magno
1144 904 1458 959 animorum
1483 907 1642 956 motu

68 1007 383 1077 sententiis,
417 1005 709 1060 decretum
742 1003 989 1079 denique
1025 1012 1109 1061 est
1140 1014 1203 1060 ut
1226 1003 1535 1079 Imperator
1556 1000 1644 1056 lit-

71 1116 214 1164 teras
276 1106 348 1162 ad
407 1107 724 1162 Romanum
782 1105 1109 1162 Pontificem
1169 1105 1349 1164 daret.
1413 1105 1644 1182 Scripsit

69 1206 248 1284 pridie
291 1207 424 1266 Idus
457 1207 767 1279 Octobres7
814 1226 878 1263 ac
913 1205 1160 1284 legatum
1202 1207 1438 1263 Romam
1478 1205 1644 1263 desti-

70 1310 242 1366 navit.
300 1307 651 1366 Audiebatur
699 1325 847 1383 saepe
895 1327 995 1383 per
1050 1327 1334 1364 summum
1391 1305 1643 1362 dolorem

70 1409 378 1466 exclamare
415 1431 426 1465 :
472 1407 616 1466 male
661 1409 730 1465 sit
771 1410 836 1466 iis
881 1409 1236 1485 Principibus
1281 1409 1379 1485 qui
1421 1427 1523 1466 nos
1567 1409 1640 1465 ab

69 1508 310 1567 Ecclesia
339 1510 589 1566 Romana
619 1510 864 1586 primum
905 1507 1270 1566 divellerunt!

233 1610 578 1687 Religionem
601 1611 659 1666 in
693 1609 945 1667 America
976 1609 1356 1687 Hispanorum
1384 1611 1562 1689 pietas
1586 1622 1640 1669 et

69 1731 222 1768 arma
257 1706 447 1768 contra
485 1712 664 1789 gentis
695 1710 977 1768 levitatem
1014 1710 1246 1769 feliciter
1284 1712 1634 1770 tutabantur.

68 1813 274 1871 Eorum
310 1815 569 1893 praesidio
606 1814 795 1872 Patres
832 1813 998 1890 longe
1025 1813 1250 1891 lateque
1284 1836 1384 1892 per
1406 1814 1641 1872 Mexica-

68 1936 207 1973 num
252 1938 487 1995 regnum
530 1917 744 1993 evagati
783 1925 913 1974 sunt
957 1917 1024 1972 ad
1074 1915 1318 1989 Chanos,
1365 1916 1643 1993 Gorgoto-

74 2018 232 2092 chos7
263 2031 319 2077 et
349 2021 745 2097 Guiriguanos,
778 2039 1018 2095 quarum
1053 2018 1303 2094 gentium
1333 2017 1637 2092 feritatem⁷

72 2123 239 2179 insito
292 2121 662 2199 sylvestribus
727 2120 977 2178 oleastris
1034 2120 1285 2193 ChristO.,
1354 2122 1643 2179 mitescere

76 2222 410 2279 docuerunt.
459 2223 658 2299 Operae
701 2224 945 2298 pretium
989 2226 1168 2298 majus
1213 2222 1423 2280 factum
1458 2232 1542 2280 est
1582 2224 1642 2278 in

73 2325 390 2398 Ocotlanis,
423 2343 551 2400 quae
588 2324 737 2380 natio
773 2324 902 2401 plus
940 2322 1212 2400 quiddam
1253 2323 1504 2380 habebat
1538 2323 1642 2380 hu-

74 2427 375 2484 manitatis.
421 2424 808 2497 Mendacium,
846 2424 1092 2498 furtum7
1137 2434 1191 2481 et
1234 2424 1339 2481 alia
1375 2445 1502 2501 quae
1535 2423 1646 2499 legi

74 2537 290 2585 naturae
332 2535 587 2604 pugnant
630 2526 792 2599 vitia,
838 2535 935 2582 aut
981 2527 1234 2602 ignorat,
1282 2534 1379 2582 aut
1431 2524 1642 2581 horret.

77 2628 242 2685 Eunti
288 2628 360 2684 ad
402 2629 552 2704 ipsos
592 2627 875 2685 Sacerdoti
912 2627 1077 2703 longe
1112 2626 1334 2682 obviam
1369 2608 1648 2702 processe-

77 2741 212 2790 runt
260 2733 494 2807 majores
545 2739 713 2803 natu,
773 2749 1016 2806 eumque
1066 2730 1124 2784 in
1174 2738 1424 2805 paratam
1466 2728 1647 2784 aedem

82 2853 293 2892 sacram
318 2832 628 2905 deduxere,
661 2832 762 2889 ubi
785 2832 963 2908 prima
984 2830 1120 2906 legis
1145 2829 1346 2886 divinae
1369 2838 1648 2906 praecepta

80 2934 298 2991 tradere
343 2935 527 2991 statim
565 2953 856 3011 aggressus
891 2942 993 2990 est.
1030 2931 1389 2988 Laborabant
1432 2931 1647 2987 Vaimo-

82 3033 225 3106 lani7
271 3033 544 3108 AcaxeeS,
579 3045 634 3092 et
666 3034 1054 3106 Tamosulani,
1093 3032 1299 3089 nefaria
1331 3052 1458 3089 cum
1490 3031 1646 3086 hoste

84 3135 300 3212 generis
350 3135 580 3192 humani
638 3135 1042 3207 familiaritate,
1102 3134 1190 3191 cui
1254 3152 1311 3192 se
1365 3130 1648 3188 interdum

86 3236 436 3301 devovebant
456 3237 603 3295 dicto
627 3238 855 3317 publice
879 3244 1244 3296 sacramento,
1279 3233 1449 3290 Erant
1472 3237 1645 3301 certa,

1678 1627 1718 1662 et
1738 1622 1776 1663 in
1797 1636 1936 1678 regno»,

1677 1688 1905 1730 Mexicano..
