2210 3651
232 1942 492 1997 Imperatoris

192 2008 377 2063 Abyssini
416 2008 494 2051 sra-

191 2078 254 2114 ter
292 2088 315 2116 a
357 2074 490 2116 Schis-

191 2144 299 2180 mate
330 2153 492 2183 revoca-

189 2207 271 2246 tur.

540 257 654 317 178
1201 279 1438 317 EPITOME

535 390 601 438 ut
625 380 876 440 moribus
905 382 1085 439 imbui
1123 381 1448 442 Christianis
1478 392 1697 462 posset:
1733 383 1886 441 illam
1915 384 2105 444 innata

535 484 827 543 barbaries
861 494 916 543 et
945 504 1100 542 amor
1129 484 1402 543 libertatis
1437 487 1495 542 in
1525 487 1815 545 montibus
1851 497 1907 545 et
1935 488 2107 567 sylvis

535 587 725 644 adhuc
743 589 1066 645 retinuerat.
1110 587 1236 663 Ipsa
1265 606 1395 643 vero
1426 588 1656 646 demum
1686 590 1793 647 hoc
1828 610 1975 648 anno
2004 611 2108 650 sua

534 699 734 767 sponte
762 689 1060 748 destinavit
1101 697 1345 746 oratores
1386 690 1457 746 ad
1497 691 1561 748 P.
1608 692 1960 766 Montorum‚
2004 693 2106 770 qui

530 794 711 870 gentis
749 793 973 849 nomine
1016 791 1421 868 significarent,
1469 793 1842 853 deliberatum
1890 796 2106 854 cunctis

531 915 595 952 ac
627 895 803 951 fixum
840 912 991 967 esse,
1031 904 1277 953 sanctam
1309 895 1568 973 amplecti
1607 895 1818 973 legem,
1851 906 1905 955 et
1933 916 2109 976 pagos

531 995 629 1053 ubi
662 994 1043 1069 erudirentur,
1082 1007 1396 1075 poscerent.
1447 998 1739 1057 Montorus
1780 999 1991 1077 legatos
2033 997 2109 1056 ad

529 1099 846 1177 Hispanum
906 1098 1342 1176 gubernatorem
1405 1099 1675 1174 deduxit,
1729 1102 1827 1178 qui
1876 1100 2107 1158 laudato

527 1202 709 1280 gentis
740 1201 1000 1275 consilio,
1033 1201 1254 1275 locum,
1288 1202 1391 1260 ubi
1422 1203 1741 1279 doceretur,
1778 1205 2102 1283 assignavit.

526 1305 789 1383 Dapitani
841 1304 1229 1377 Sacerdotem,
1286 1322 1400 1380 quo
1454 1303 1724 1361 hactenus
1776 1315 2104 1380 caruerant,

525 1406 808 1464 diuturnis
862 1406 1171 1484 expetitum
1221 1406 1393 1478 votis,
1444 1416 1802 1483 acceperunt.
1859 1407 2105 1465 Butuani

528 1507 748 1566 Christo
804 1526 996 1565 recens
1053 1505 1333 1584 adjuncti,
1394 1508 1668 1585 oppidum
1719 1507 2103 1584 aedificarunt,

527 1609 584 1666 in
630 1608 930 1688 medioque
967 1608 1242 1686 templum
1295 1617 1350 1684 et
1394 1609 1707 1669 Sacerdotis
1757 1610 2107 1676 domicilium

528 1710 904 1785 collocarunt,
948 1701 1012 1767 ut
1065 1711 1472 1788 circumpositis
1521 1712 1770 1772 aedificiis
1817 1722 2107 1791 tamquam

530 1814 892 1872 munimentis
921 1823 1229 1892 utrumque
1259 1814 1677 1872 defenderetur.

692 1915 1109 1994 Abyssinorum
1134 1916 1443 1994 Imperator
1466 1916 1693 1974 domitis
1718 1924 1816 1973 aut
1837 1916 2106 1994 repressis

527 2022 826 2081 duodecim
879 2024 1167 2100 tyrannis,
1230 2041 1426 2099 pacem
1480 2019 1734 2096 religioni
1795 2029 2108 2097 utcumque

523 2125 845 2198 redonavit,
898 2133 954 2182 et
994 2144 1253 2203 proceres
1296 2123 1594 2200 AEthiopiae
1638 2121 1710 2179 ad
1764 2121 2106 2198 obsequium

524 2229 792 2286 Romanae
843 2226 1002 2284 Sedis
1044 2246 1303 2283 revocare
1346 2225 1624 2282 meditans
1667 2223 1889 2279 initium
1921 2221 2108 2299 operis

524 2330 731 2408 egregii
775 2329 938 2386 duxit
982 2348 1013 2385 a
1058 2347 1159 2385 suo
1190 2326 1390 2399 fratre,
1425 2346 1594 2403 quem
1637 2323 1991 2381 vehementer
2020 2331 2107 2381 est

521 2434 779 2492 hortatus
802 2478 816 2507 ,
850 2441 914 2490 ut
942 2431 1133 2488 Patres
1164 2429 1383 2487 audiret
1404 2473 1419 2501 7
1452 2438 1508 2485 et
1538 2425 1677 2503 quid
1709 2426 1974 2482 docerent
2002 2442 2106 2500 per

523 2537 701 2593 otium
741 2533 1103 2611 expenderet.
1138 2531 1329 2587 Paruit
1360 2528 1704 2599 Selacristos‚
1739 2524 1822 2605 (id
1859 2523 2105 2601 Principi

521 2635 751 2714 nomen)
795 2634 1010 2692 audivit
1053 2634 1278 2706 Patres,
1325 2640 1380 2689 et
1419 2628 1750 2687 catholicam
1788 2625 2103 2682 doctrinam

522 2738 820 2815 diligenter
860 2737 1103 2796 excussit
1148 2757 1159 2792 :
1197 2755 1323 2792 cum
1367 2753 1432 2791 ea
1473 2731 1649 2788 libros
1685 2728 2098 2807 Abyssinorum

521 2851 576 2901 et
607 2842 897 2920 opiniones
933 2839 1309 2917 comparavit7
1350 2837 1408 2892 in
1438 2836 1618 2912 iisque
1652 2831 1972 2890 manifestos
2005 2849 2099 2885 er-

520 2962 672 3000 rores
704 2943 1006 3020 perspexit.
1049 2941 1181 2998 Mox
1211 2960 1268 2998 se
1299 2938 1505 2996 obtulit
1535 2939 1599 2995 P.
1633 2936 1922 2995 Francisco
1963 2930 2094 2989 Ant.

524 3043 756 3121 Angelio
787 3044 1009 3121 plenius
1041 3042 1414 3100 erudiendum
1434 3087 1448 3116 ,
1483 3052 1538 3100 et
1567 3041 1891 3120 paulopost
1925 3037 2098 3096 fidem

524 3144 853 3203 catholicam
894 3156 977 3202 est
1009 3143 1314 3222 professus.
1343 3144 1527 3201 Secuti
1571 3153 1703 3202 sunt
1747 3150 2094 3222 praeeuntem

522 3247 751 3324 plurimi
790 3246 923 3306 belli
970 3248 1235 3325 pacisque
1279 3246 1494 3304 artibus
1536 3246 1688 3304 clari.
