2210 3651
259 1220 421 1276 Aliquot

208 1286 479 1341 eollegiorum

206 1363 309 1394 sors.

204 2133 224 2156 ¹*
243 2134 362 2180 Rom.
384 2135 450 2180 12.

544 275 660 336 170
1198 296 1441 335 EPITOME

539 401 771 482 publice
819 402 974 461 missi
1018 400 1278 473 adfuere,
1315 407 1532 457 orantes
1569 398 1765 457 eadem
1792 398 2102 456 animarum

540 504 828 577 subsidia,
880 525 1009 583 quae
1061 503 1253 561 vicinis
1289 502 1402 560 suis
1451 503 1731 579 impertita
1777 501 2098 559 cernebant.

539 605 606 663 In
634 606 740 664 hac
768 616 822 665 et
845 607 1209 683 circumjectis
1246 603 1441 661 insulis
1478 603 1664 662 Patres
1703 602 1911 660 utiliter
1939 601 2108 679 adop-

539 715 733 764 tarunt
755 708 908 766 verbi
935 707 1104 763 divini
1129 706 1483 763 administros
1507 705 1826 763 Sacerdotes
1856 705 2103 776 GraecOS,

537 809 644 866 rite
672 811 827 886 prius
867 809 1181 880 institutos,
1225 808 1323 885 qui
1358 808 1493 864 cum*
1523 827 1554 863 a
1589 808 1702 864 suis
1734 788 2117 884 popularibus«

537 908 780 966 libenter
829 910 1187 982 audirentur,
1236 928 1348 965 non
1399 929 1599 986 parum
1649 900 2002 986 profecerunt
2034 903 2107 962 ad

538 1030 634 1070 eos
664 1013 935 1069 Romanae
977 998 1364 1089 adjungendos
1408 1010 1696 1083 Ecclesiae,
1738 1019 1793 1067 et
1834 1029 1865 1066 a
1895 1009 2108 1064 Graeca-

537 1112 663 1169 nico
698 1113 1006 1171 Schismate
1041 1112 1403 1171 revocandos.

702 1216 829 1273 Non
861 1225 978 1273 erat
1006 1215 1268 1272 Patribus
1291 1215 1487 1271 eadem
1517 1213 1754 1271 docendi
1784 1212 2019 1271 facultas
2047 1213 2106 1269 in

536 1314 822 1394 plerisque
864 1317 1174 1374 Germaniae
1222 1317 1496 1387 urbibUS,
1544 1319 1676 1392 quia
1717 1318 1975 1373 voluntas
2012 1336 2106 1373 au-

536 1415 730 1472 diendi
788 1434 901 1471 non
950 1414 1145 1471 eadem
1191 1417 1408 1474 civibus
1457 1425 1594 1474 erat.
1650 1417 2109 1493 Quinquennium

535 1525 719 1574 totum
753 1517 1105 1574 Torunenses
1136 1516 1352 1574 Scholae
1390 1494 1686 1592 siluerant,
1719 1518 2109 1575 haereticorum

534 1619 873 1677 factionibus
903 1618 1235 1676 disturbatae
1255 1664 1269 1692 ,
1306 1621 1396 1692 vix
1425 1622 1752 1679 auctoritate
1787 1622 1935 1698 regia
1976 1641 2107 1698 per-

534 1720 745 1779 fectum
775 1730 858 1779 est
878 1765 892 1794 ,
934 1705 997 1777 ut
1026 1721 1470 1779 restituerentur.
1509 1722 1852 1780 Gedanensis
1882 1731 2108 1780 senatus

535 1821 730 1900 templi
755 1823 929 1881 nostri
958 1821 1105 1880 fores
1135 1810 1351 1900 pridem
1385 1824 1684 1896 clauserat,
1711 1825 1876 1901 Regis
1900 1825 2106 1901 pariter

535 1926 720 1985 edicto
749 1936 1004 1984 reseratae
1039 1925 1281 1984 fuerant.
1316 1928 1467 2005 Rege
1501 1927 1575 1984 ad
1609 1926 1825 1984 bellum
1856 1925 2105 2003 profecto

536 2028 778 2104 Societas
802 2027 1026 2086 decreto
1056 2027 1292 2086 Senatus
1316 2029 1521 2087 muniis
1543 2029 1658 2086 suis
1686 2027 1915 2106 publice
1938 2047 2106 2086 usur-

533 2129 737 2208 pandis
771 2130 1055 2207 prohibita
1098 2140 1200 2190 est.
1250 2129 1544 2188 Dandum
1584 2135 1694 2188 2⁸2⁰oe
1735 2132 1927 2188 locum
1957 2130 1984 2157 *
2013 2151 2106 2189 sa-

534 2231 752 2309 pienter
799 2234 1047 2308 putavit,
1099 2242 1155 2290 et
1201 2251 1372 2309 quam
1437 2232 1666 2289 civibus‘
1718 2251 1830 2288 non
1885 2242 2104 2309 poterat

532 2331 891 2410 impendere,
938 2334 1010 2390 ad
1061 2343 1317 2404 externos
1358 2332 1725 2390 finitimorum
1766 2332 2104 2410 oppidorum

532 2435 744 2493 incolas
778 2456 967 2492 curam
1004 2437 1189 2494 vertit.
1229 2436 1365 2493 Haec
1396 2436 1599 2492 damna
1623 2438 1874 2514 pensavit
1895 2455 2102 2493 novum

534 2537 880 2593 domicilium
914 2538 1445 2595 Ravae-collocatum
1465 2583 1478 2610 ,
1517 2538 1575 2593 in
1605 2541 1811 2615 majore
1839 2536 2065 2593 Polonia
2084 2581 2099 2610 ,

535 2646 591 2695 et
632 2638 943 2696 Palatinam
990 2641 1339 2717 cognomine.
1384 2639 1644 2696 Lomzam
1695 2638 1967 2717 oppidum
2008 2640 2104 2696 Li-

538 2737 780 2796 thuaniae
803 2740 1053 2798 excolere
1071 2742 1143 2798 ab
1167 2742 1326 2799 annis
1348 2750 1589 2818 quatuor
1610 2760 1977 2818 coeperamusg
2006 2740 2101 2797 do-

534 2843 802 2901 micilium
828 2844 991 2902 nobis
1008 2846 1285 2924 principes
1307 2847 1541 2903 civitatis
1563 2846 1893 2903 obtulerunt
1907 2855 1961 2902 et
1984 2865 2103 2902 vec-

537 2942 722 3020 tigalia
759 2947 1018 3021 ponendo
1055 2947 1289 3025 collegio
1320 2950 1654 3021 necessaria,
1692 2947 1846 3023 quod
1874 2947 2101 3004 biennio

534 3055 663 3122 post
694 3045 925 3105 feliciter
961 3059 1042 3107 est
1083 3050 1391 3108 conditum.
1434 3051 1760 3108 Crembsivii
1794 3049 2100 3126 plurimum

536 3143 778 3224 degebat
825 3149 1135 3208 Cardinalis
1172 3152 1661 3225 Dietrichstainus,
1714 3151 2097 3211 Olomucensis

536 3247 875 3330 Episcopus,
911 3263 967 3312 et
1006 3275 1038 3312 e
1067 3255 1268 3314 nostris
1303 3252 1602 3314 nonnullos
1637 3254 1696 3311 in
1731 3255 1846 3314 suis
1878 3255 2097 3313 aedibus
