2210 3651
456 314 726 353 111sTofflAE
766 309 1087 350 soc1ETATls
1129 314 1255 352 JESU
1268 340 1279 350 .
1529 290 1644 349 175

92 420 431 478 occasionem
460 415 768 473 navarchus
790 414 1120 471 Batavorum
1150 414 1374 470 obtulit.
1409 415 1646 472 Venerat

91 525 149 579 in
202 520 495 597 Japoniam
546 518 763 594 legatus
813 515 1060 594 proregis
1109 514 1281 571 Novae
1331 515 1640 591 Hispaniae,

91 632 155 680 ut
183 620 493 680 commercii
521 619 762 696 Japones
791 618 933 674 inter
962 625 1016 673 et
1038 615 1349 672 Mexicanos
1369 614 1643 691 jungendi

91 722 432 779 conditiones
470 727 822 796 proponeret.
862 717 992 774 Post
1027 715 1324 792 explicatas
1357 714 1643 789 legationis

91 842 207 880 suae
237 841 428 880 causas
463 821 694 898 petierat
729 817 1045 875 facultatem
1090 815 1412 893 explorandi
1449 814 1641 869 altitu-

89 926 277 983 dinem
323 925 518 996 maris,
564 941 676 998 quo
717 921 892 977 tutius
936 940 965 976 e
999 920 1210 976 Mexico
1251 920 1308 975 in
1350 918 1645 995 Japoniam

86 1026 333 1102 navigari
369 1032 576 1100 posset.
617 1021 681 1079 Id
712 1039 838 1078 vero
878 1021 1013 1076 dum
1053 1020 1176 1077 luce
1212 1020 1395 1096 palam
1432 1039 1496 1075 ac
1537 1038 1638 1075 sae-

87 1125 215 1201 pius
263 1123 427 1195 facit,
473 1123 608 1179 dum
653 1122 838 1178 omnia
880 1121 1131 1198 Japoniae
1175 1121 1358 1177 littora
1398 1129 1647 1197 pererrat

88 1245 214 1283 cum
257 1225 480 1281 nautico
528 1222 961 1300 perpendicu10,
1015 1223 1313 1299 suspicioni
1354 1221 1541 1278 locum
1581 1239 1646 1277 ac

89 1325 442 1383 sermonibus
503 1324 687 1393 dedit,
752 1341 892 1398 quos
954 1324 1026 1379 ad
1090 1342 1250 1381 aures
1307 1322 1644 1380 Daifusamae

86 1425 315 1502 pertulit
352 1424 518 1480 fama.
563 1422 842 1478 Audiebat
872 1422 963 1479 ille
992 1442 1104 1478 non
1133 1423 1337 1480 invitus
1374 1424 1646 1479 Batavicae

87 1528 242 1583 navis
270 1535 538 1582 rectorem
563 1523 633 1581 de
654 1523 985 1600 geographia
1016 1524 1398 1581 disserentem.
1433 1525 1645 1596 Quaerit

85 1647 152 1684 ex
186 1646 280 1699 e0,
317 1625 453 1702 quid
487 1625 594 1683 sibi
627 1624 799 1681 velint
841 1625 1071 1701 Hispani
1110 1645 1239 1696 cum
1272 1625 1377 1682 isto
1411 1645 1645 1702 perpen-

87 1726 272 1784 diculo
314 1748 326 1782 :
362 1747 433 1783 an
469 1728 543 1783 ita
579 1735 908 1783 mercatores
941 1726 1193 1803 Europaei
1232 1727 1636 1784 consueverint.

85 1828 406 1905 Respondet
459 1827 767 1885 navarchus
823 1846 936 1884 non
991 1836 1105 1884 tam
1163 1827 1217 1883 id
1272 1837 1643 1885 mercatorum

87 1948 235 2001 esse,
270 1948 439 2006 quam
471 1928 740 2000 militum,
775 1948 958 2005 neque
987 1929 1300 1986 commercii
1330 1949 1494 1987 causa
1522 1930 1644 1987 fieri

86 2030 261 2089 solere
309 2031 365 2086 in
417 2030 666 2107 Europa,
722 2030 820 2088 sed
869 2029 1024 2087 belli.
1080 2028 1312 2087 Addidit
1367 2031 1645 2107 Hispanos

86 2140 305 2206 gentem
360 2150 478 2189 esse
530 2131 912 2204 ambitiosam,
956 2139 1012 2188 et
1065 2131 1278 2208 ubique
1318 2131 1645 2188 dominandi

87 2231 334 2303 avidam,
379 2232 568 2289 Patres
611 2232 924 2304 Societatis,
970 2232 1195 2289 illorum
1239 2232 1530 2304 satellites,
1567 2231 1642 2289 ab

87 2333 151 2390 iis
180 2353 347 2410 regna
389 2333 705 2410 perturbari
747 2333 1096 2391 simulatione
1136 2336 1384 2412 pietatis,
1427 2335 1643 2392 avocari

85 2433 325 2511 populos
354 2454 385 2490 a
414 2434 732 2511 Principum
774 2435 1045 2511 obsequio
1075 2443 1129 2492 et
1158 2435 1231 2492 ad
1278 2435 1640 2493 subeundum

87 2537 348 2612 Hispanae
390 2536 780 2596 dominationis
813 2541 1015 2616 jugum
1057 2540 1311 2616 perduci.
1365 2539 1522 2595 Hanc
1563 2537 1638 2594 ob

88 2655 307 2694 causam
353 2637 426 2694 ab
477 2638 783 2696 Ordinibus
831 2639 1112 2697 foederatis
1159 2641 1520 2712 Batavorum,
1565 2638 1640 2696 ab

87 2735 309 2813 Anglis,
342 2757 373 2794 a
408 2738 688 2816 plerisque
719 2739 1026 2797 Germaniae
1061 2742 1407 2819 principibus
1438 2743 1641 2821 expul-

91 2855 179 2895 sos
228 2837 396 2897 fuisse
451 2861 463 2895 ε
520 2840 838 2917 religionem
889 2861 1085 2918 porr0,
1145 2864 1314 2920 qnam
1365 2844 1641 2902 docebant

91 2959 201 2996 non
232 2961 350 3000 esse
377 2962 559 2999 veram
592 2942 792 3000 Christi
814 2944 990 3020 legem
1010 2988 1023 3015 ,
1058 2965 1184 3020 quae
1207 2945 1323 3002 solo
1346 2947 1446 3003 Dei
1468 2946 1639 3004 verbo

93 3043 313 3113 nititur,
359 3044 456 3101 sed
491 3045 652 3102 variis
682 3047 1004 3104 commentis
1037 3047 1424 3107 adulteratam.

253 3143 352 3201 His
380 3146 644 3203 attonitus
672 3146 974 3224 Imperator
1009 3148 1228 3226 nullum
1257 3159 1521 3227 praeterea
1549 3148 1636 3203 lo-

92 3262 220 3301 cum
278 3242 700 3303 dissimulationi
746 3258 801 3306 et
850 3247 1154 3306 clementiae
1216 3249 1469 3307 relictum
1516 3265 1634 3307 esse
