2210 3651
487 240 567 299 924
1147 260 1391 299 EPITOME

474 363 874 443 jusjurandum
902 362 1185 422 fidelitatis
1215 363 1414 437 edam,
1451 365 1550 423 sed
1581 385 1695 444 quo
1727 366 1899 425 debet
1928 366 2060 425 sub-

485 466 637 525 ditus
694 466 897 540 modO,
960 485 1074 543 quo
1141 465 1447 524 catholicus
1509 476 1712 545 potest.
1775 467 1887 526 Sua
1950 470 2063 527 sint

484 567 802 627 Sacerdotio
824 614 838 642 ,
875 578 931 626 et
967 569 1234 646 imperio,
1277 569 1425 625 civili
1454 580 1509 628 et
1539 571 1935 631 Ecclesiasticae
1963 592 2062 651 po-

484 672 668 731 testati
704 675 834 749 jura
877 670 1048 728 salva.
1094 671 1208 729 Cur
1250 670 1396 729 hanc
1443 674 1754 750 destruitis,
1799 685 1863 733 ut
1905 675 2062 733 illam

483 773 826 833 adstruatis?
848 771 1124 830 Reddam
1140 794 1274 850 φατε
1296 784 1445 831 sunt
1477 773 1728 834 Caesaris
1767 776 2062 849 Coesari3*

483 886 540 934 at
560 897 693 953 (μιαν
721 884 868 961 sun}
899 873 1040 948 Dei,
1073 873 1193 933 Deo
1224 896 1294 934 ne
1325 876 1621 937 detrahite.
1650 881 1886 940 Ravisus
1921 882 2064 939 iram

485 976 744 1038 simulata
781 976 1010 1034 lenitate
1050 998 1342 1055 premens,
1391 981 1613 1038 confido
1649 983 1757 1055 ait,
1804 1003 1932 1060 quae
1967 992 2066 1040 tua

483 1089 568 1139 est
595 1079 925 1158 prudentia,
967 1077 1260 1154 futurum,
1296 1090 1361 1138 ut
1392 1082 1591 1141 melius
1629 1084 1735 1141 tibi
1773 1085 2063 1158 consulaS,

482 1202 542 1239 re
567 1203 668 1260 per
705 1182 883 1239 otium
913 1201 1176 1259 expensa.
1216 1182 1390 1256 Mihi,
1427 1186 1718 1262 respondit
1751 1187 2027 1244 Garnetus
2050 1231 2066 1260 ,

482 1305 669 1361 neque
701 1283 931 1341 consilio
962 1302 1148 1360 neque
1181 1293 1434 1362 tempore
1469 1306 1635 1365 opus.
1677 1288 2068 1347 Deliberatum

481 1395 537 1443 et
567 1385 746 1442 fixum
777 1393 861 1442 est
904 1385 1043 1461 quid
1084 1386 1319 1443 sentiam
1340 1432 1354 1461 ,
1388 1397 1444 1447 et
1480 1389 1539 1447 in
1584 1390 1869 1469 religionis
1902 1412 2071 1452 causa

479 1487 762 1545 neminem
783 1531 798 1559 ,
853 1495 1058 1564 praeter
1112 1487 1444 1546 Pontificem
1501 1492 1821 1550 Romanum
1872 1495 2065 1552 audiO.

480 1589 691 1649 Aderat
741 1591 946 1648 Raviso
1004 1591 1265 1665 Vadeus,
1323 1592 1742 1652 Catholicorum
1792 1596 2066 1656 Phalaris.

481 1692 799 1751 Excanduit
828 1693 901 1750 ad
924 1693 1133 1752 liberas
1162 1697 1417 1772 generosi
1448 1695 1763 1757 Sacerdotis
1796 1718 1982 1773 voces,
2015 1708 2073 1757 et

481 1798 744 1855 antistitis
786 1797 1075 1856 lenitatem
1104 1799 1346 1875 graviter
1381 1799 1722 1877 objurgans,
1762 1802 2071 1860 Garnetum

482 1901 540 1957 in
564 1920 843 1958 carcerem
872 1901 1046 1959 Novae
1076 1911 1255 1978 portae
1284 1900 1634 1959 trahendum
1665 1905 1899 1962 curavit.

648 2001 964 2079 Quatriduo
994 2010 1123 2079 post
1142 2002 1197 2058 in
1216 2003 1478 2080 judicum
1509 2022 1800 2078 consessa,
1840 2025 2067 2074 causam

483 2104 770 2178 dicturus,
815 2104 1084 2162 constitit.
1121 2105 1316 2183 Capita
1352 2115 1596 2182 quatuor
1633 2115 1689 2164 et
1726 2106 1966 2182 scelera,
2005 2116 2072 2166 ut

481 2206 856 2280 vocabantur,
899 2206 1105 2284 objecit
1135 2206 1538 2266 Montacutius.
1578 2207 1863 2282 Primum,
1910 2199 2068 2286 quod

484 2310 775 2367 Romanus
806 2317 951 2367 esset
981 2307 1286 2380 Sacerdos,
1323 2308 1595 2382 alterum,
1635 2309 1792 2387 quod
1825 2331 1856 2368 e
1891 2310 2073 2369 Socie-

489 2421 598 2470 tate
627 2412 764 2470 Jesu
792 2410 1116 2488 religiosus,
1153 2411 1383 2468 tertium
1414 2411 1569 2488 quod
1598 2411 1876 2490 populum
1909 2412 2074 2471 sedu-

487 2527 669 2586 ceret,
724 2524 1023 2592 quartum,
1084 2513 1241 2590 quod
1298 2513 1720 2571 Sacramentum
1780 2513 2070 2573 fidelitatis

486 2619 672 2675 dicere
701 2616 996 2674 abnueret.
1024 2615 1216 2672 Priora
1237 2615 1353 2672 duo
1376 2616 1557 2693 capita
1581 2615 1730 2673 ultro
1756 2614 2067 2689 confeSSUS,

486 2720 713 2777 tertium
774 2717 1033 2776 funditus
1089 2720 1351 2796 negavit,
1419 2738 1484 2775 ac
1540 2717 1721 2796 probe
1780 2717 2068 2776 refutavit.

487 2823 765 2893 Quartum
809 2823 883 2878 ita
927 2821 1210 2894 distinxit,
1257 2829 1322 2877 ut
1355 2819 1427 2876 ad
1462 2823 1848 2898 juramentum
1892 2819 2071 2896 legiti-

486 2945 643 2982 mum
686 2935 741 2982 et
791 2924 1130 2982 catholicum
1180 2923 1485 2982 dicendum
1538 2942 1596 2981 se
1653 2922 2069 3000 paratissimum

486 3046 607 3085 esse
629 3027 964 3100 affirmaret,
991 3046 1106 3083 non
1128 3026 1262 3083 item
1288 3026 1361 3082 ad
1386 3025 1695 3103 captiosum
1726 3032 1782 3080 et
1806 3023 2063 3094 vetitum,

487 3129 769 3207 simulque
807 3129 1057 3186 chartam
1094 3148 1125 3185 e
1161 3128 1288 3186 sinu
1319 3127 1626 3205 prompsit,
1663 3124 1876 3202 inqua
1907 3127 2070 3201 jura-

487 3242 743 3289 mentum
785 3232 1223 3310 conscripserat,
1261 3228 1429 3309 quale
1457 3248 1490 3286 a
1525 3226 1796 3285 catholico
1828 3226 1940 3284 dici
1967 3244 2069 3303 par
