2210 3651
516 239 788 278 ms‘romAE
828 238 1148 276 SOCIETATIS
1192 242 1342 279 JESU.
1633 218 1713 277 43

152 347 361 423 delegi,
401 366 529 423 quae
569 347 673 403 rite
711 344 991 422 baptizata
1033 339 1233 417 regalis
1271 342 1378 396 tori
1414 361 1524 398 una
1565 341 1717 398 dein-

152 466 280 524 ceps
303 457 358 504 et
377 447 623 524 legitima
648 465 872 504 consors
895 446 1017 502 erit.
1045 442 1266 500 Mecum
1292 450 1422 498 sunt
1443 442 1500 495 in
1522 442 1716 499 eadem

151 550 421 606 sententia
451 550 733 626 Principes
755 548 869 604 duo
890 592 904 619 a
939 545 1136 602 fratres
1169 543 1296 599 mei.
1333 541 1518 599 Laetus
1548 543 1717 618 regali

153 652 460 708 constantia
508 661 563 709 et
610 651 885 728 promisso
943 647 1219 718 Barreira7
1274 644 1413 701 nihil
1453 654 1717 721 praeterea

149 752 530 808 cunctandum
576 771 695 810 esse
739 751 1031 828 judicavit.
1089 747 1231 825 Ergo
1282 747 1373 804 die
1421 747 1719 803 constituta

151 862 381 909 ornatur
431 853 705 930 templum-
756 875 767 908 :
824 852 964 910 festa
1012 850 1112 907 lux
1169 848 1434 906 indicitur
1478 848 1715 917 civitati3

152 955 516 1012 concentibus
584 955 770 1010 omnia
834 961 1214 1030 perstrepunt.
1279 953 1550 1009 Processit
1603 952 1723 1008 Rex

149 1053 295 1111 inter
330 1055 525 1113 fratres
570 1074 983 1133 procerumque
1019 1054 1220 1111 florem
1251 1053 1505 1125 medius7
1546 1062 1601 1110 et
1631 1052 1724 1108 ad-

151 1152 346 1214 hibitis
381 1158 601 1235 ‘insigni
655 1165 929 1234 apparatu
988 1175 1117 1232 quae
1178 1164 1314 1212 tunc
1379 1164 1725 1231 usurpantur

152 1256 226 1314 ab
269 1257 511 1316 Ecclesia
554 1259 898 1330 cerimoniis‚
945 1257 1191 1334 Philippi
1234 1275 1440 1313 nomen
1485 1257 1717 1332 accepit.

152 1358 373 1436 Expiati
398 1358 564 1415 simul
589 1358 753 1414 Sacro
778 1358 940 1415 latice
964 1358 1077 1415 duo
1108 1361 1227 1434 ejus
1258 1357 1455 1415 fratres
1485 1367 1539 1414 et
1561 1358 1722 1415 liberi

150 1468 414 1536 quatuor.
471 1460 686 1516 Diebus
745 1459 960 1535 aliquot
1019 1459 1319 1533 interjectis
1383 1458 1725 1517 Christianos

152 1578 335 1618 mores
364 1561 513 1617 idem
545 1560 663 1617 Rex
691 1560 909 1637 egregie
943 1558 1218 1626 ostendit,
1251 1561 1310 1615 in
1337 1558 1533 1617 funere
1562 1560 1726 1616 Prin-

151 1662 289 1739 cipis
318 1663 622 1740 propinqui
651 1663 759 1720 sui.
794 1662 938 1720 Nam
975 1682 1104 1718 cum
1136 1661 1416 1719 demortui
1439 1682 1640 1722 uxores
1671 1673 1727 1722 et

151 1764 348 1822 famuli
390 1765 671 1822 mactandi
701 1774 886 1823 essent
926 1765 998 1822 ad
1041 1769 1162 1842 ejus
1203 1765 1523 1839 tumulum7
1570 1768 1726 1844 quod

151 1866 400 1924 solemne
442 1867 708 1925 omnibus
752 1868 984 1926 Guineae
1029 1869 1214 1945 regnis
1265 1878 1382 1942 est,
1437 1870 1614 1926 vetuit
1659 1889 1728 1926 ne

151 1968 411 2026 barbarae
452 1970 845 2028 consuetudini
888 1989 1009 2028 mos
1053 1979 1362 2048 gereretur,
1401 1991 1572 2047 quam
1606 1970 1729 2048 lege

153 2071 342 2128 divina
391 2071 679 2147 prohiberi
728 2082 1081 2148 cognoverat.
1139 2073 1295 2130 Idem
1348 2074 1512 2129 vicini
1562 2074 1729 2150 Regis

151 2172 301 2245 filio,
336 2174 566 2249 quicum
608 2175 924 2231 inimicitias
958 2174 1218 2250 gerebat7
1252 2175 1493 2251 ignovit‚
1528 2174 1730 2231 admo-

152 2277 304 2333 nitus
348 2274 788 2332 Christianorum
831 2294 951 2332 esse
1000 2275 1254 2334 inimicos
1299 2275 1549 2352 diligere.
1605 2276 1732 2334 Ma-

155 2397 322 2454 gnam
373 2377 625 2434 finitimis
681 2377 934 2453 Regibus
993 2378 1167 2433 movit
1218 2377 1646 2435 admirationem
1696 2397 1730 2434 a

153 2487 310 2535 tanto
361 2478 619 2556 Principe
668 2488 924 2556 suscepta
977 2479 1182 2537 Christi
1231 2480 1415 2537 Fides.
1479 2479 1612 2556 Ejus
1671 2480 1731 2536 in

155 2581 352 2658 primis
410 2580 620 2637 factum
670 2580 1005 2657 approbavit
1060 2582 1179 2638 Rex
1230 2582 1422 2655 Torae,
1477 2583 1730 2638 omnium

158 2684 388 2741 Guineae
417 2685 785 2762 dynastarum
807 2694 1037 2763 propter
1064 2686 1339 2763 insignem
1370 2686 1730 2763 prudentiam

159 2789 516 2846 clarissimus.
571 2788 869 2865 Explorata
922 2788 1215 2865 diligenter
1266 2788 1546 2866 Evangelii
1592 2788 1731 2845 doc-

158 2892 334 2962 trina,
369 2900 424 2947 et
445 2892 751 2968 perspectis
774 2891 838 2948 P.
867 2890 1130 2948 Barreirae
1161 2892 1415 2949 moribus
1435 2936 1449 2965 7
1482 2912 1612 2948 eum
1635 2911 1734 2968 per

161 2991 371 3068 legatos
428 2994 634 3066 oravit,
690 3003 752 3049 ut
805 3013 862 3051 se
921 2994 1340 3071 quamprimum
1391 2995 1726 3051 conveniret.

165 3093 475 3151 Venturum
512 3114 569 3153 se
598 3097 854 3172 promisit
882 3096 1045 3154 Pater
1074 3106 1202 3174 post
1229 3098 1505 3155 natalitias
1531 3097 1735 3154 Christi

162 3193 327 3252 ferias
345 3239 359 3268 7
385 3217 512 3272 quae
540 3198 598 3253 in
629 3199 948 3276 propinquo
977 3198 1369 3257 Lusitanorum
1401 3207 1566 3275 portu
1597 3196 1735 3254 cele-
