2210 3651
538 263 569 320 1
582 262 610 320 1
619 262 655 320 6
1199 287 1439 328 ΕΡῙΤΟΜΕ

534 406 742 464 purum
779 396 835 445 et
869 397 1072 466 putum
1101 388 1462 466 Evangelium
1499 413 1619 453 esse
1653 396 1809 473 quod
1848 397 2095 455 vendita—

533 487 671 561 bat,
714 488 811 546 sed
854 500 1177 567 corruptum
1199 533 1213 562 ,
1244 491 1671 570 interpolatum,
1706 518 1770 554 ac
1802 498 1946 556 male
1975 519 2096 556 mu-

532 596 713 646 tatum
742 589 1025 667 plerisque
1053 591 1111 646 in
1138 590 1294 649 locis.
1323 593 1501 670 Negat
1528 596 1635 655 hoc
1655 598 1748 655 illa
1771 599 2091 676 praefracte,

531 712 634 749 nec
676 692 955 750 dubitavit
996 693 1187 751 multis
1230 696 1590 758 audientibus
1632 702 1812 761 facere
1850 704 2097 781 sponsio-

529 813 657 851 nem
701 795 760 851 in
788 814 880 852 eas
909 794 1087 870 leges,
1123 804 1186 852 ut
1218 797 1262 853 si
1294 818 1382 856 res
1419 800 1494 856 ita
1526 821 1583 859 se
1611 801 1878 879 haberet,
1913 805 2098 862 catho-

528 892 766 951 licorum
807 895 864 950 in
897 905 1081 972 partes
1124 899 1382 956 transiret
1410 901 1563 978 ipsa,
1599 904 1685 960 sin
1718 915 1861 963 esset
1901 925 2091 978 secuS,

527 1006 717 1055 noster
762 998 821 1054 in
869 997 1316 1058 Lutheranorum
1368 1003 1538 1060 verba
1583 1008 1818 1081 juraret.
1881 1005 2098 1083 Accipit

528 1099 904 1156 conditionem
945 1100 1131 1173 Pater,
1190 1101 1370 1159 Biblia
1415 1116 1854 1183 componuntur,
1903 1109 2099 1185 depre-

527 1199 856 1283 henduntur
916 1202 1267 1276 Lutherana,
1328 1204 1494 1281 plena
1550 1206 1798 1282 fraudis,
1866 1230 2093 1282 manca,

524 1304 761 1376 mutila,
818 1303 1141 1382 depravata.
1199 1306 1512 1383 Obstupuit
1561 1309 1763 1366 mulier
1809 1310 2091 1386 prudenS,

525 1406 790 1482 stetitque
837 1407 1155 1482 promissis,
1208 1408 1504 1485 indignum
1546 1419 1664 1467 rata
1714 1411 1824 1469 illis
1875 1412 2099 1470 credere

524 1524 767 1582 quorum
813 1506 920 1583 ipsi
969 1506 1102 1563 libri
1158 1527 1223 1564 ac
1269 1517 1427 1565 muta
1481 1523 1846 1569 monumenta
1899 1515 2096 1572 menti-

521 1616 737 1665 rentur.
799 1607 935 1664 Haec
990 1608 1278 1666 mendacia
1327 1619 1392 1667 ut
1439 1612 1655 1688 possint
1697 1615 1989 1690 cognosci,
2040 1624 2096 1673 et

521 1709 775 1786 ipsorum
827 1709 1153 1768 auctoribus
1215 1711 1419 1788 oinci,
1475 1713 1660 1769 aiebat
1710 1714 1774 1770 P.
1833 1715 2096 1775 Nicolaus

522 1811 772 1870 Serarius
804 1810 928 1890 (qui
955 1811 1109 1870 hunc
1141 1832 1352 1870 annum
1382 1815 1509 1870 vitae
1539 1813 1788 1872 mortalis
1822 1814 2091 1874 ultimum

518 1911 757 1987 habuit,
804 1923 859 1971 et
901 1934 1072 1990 quem
1115 1913 1425 1972 Cardinalis
1470 1915 1654 1974 Caesar
1695 1917 1964 1977 Baronius
1996 1918 2095 1977 Ec-

521 2013 703 2072 clesiae
764 2014 1109 2078 Germanicae
1171 2015 1374 2092 jubar*
1409 2018 1678 2097 appellat)
1729 2017 1854 2078 Pro
1918 2021 2096 2080 hoere-

520 2118 654 2173 ticz‘s
703 2136 824 2174 ozon
882 2116 1184 2174 orandum
1233 2117 1398 2177 modo
1453 2140 1597 2193 esse,
1655 2141 1863 2179 verum
1910 2127 2091 2181 etiam

516 2217 901 2276 studendum.

262 2307 400 2375 Μῑεεῖο
683 2321 762 2379 Ac
792 2312 1018 2379 fraudes
1061 2321 1292 2398 quidem
1334 2323 1391 2379 in
1424 2323 1795 2400 depravandis
1836 2324 1995 2384 libris
2037 2337 2093 2386 et

182 2397 482 2516 ggffitafflifffg,
518 2423 663 2481 mala
707 2423 880 2497 fides,
914 2423 1004 2481 vel
1032 2424 1166 2501 ipsis
1209 2425 1557 2502 deprehendi
1600 2426 1775 2484 oculis
1814 2436 1869 2484 et
1912 2426 2090 2485 refelli

184 2539 274 2570 mus
298 2528 481 2571 restituta
517 2537 784 2606 possunt;
830 2527 1122 2586 calumniis
1159 2528 1373 2585 occurri
1412 2547 1474 2584 ac
1510 2527 1631 2584 fieri
1670 2528 1947 2585 medicina
1978 2549 2090 2586 non

180 2619 185 2624 ’
517 2640 630 2687 tam
667 2629 828 2687 facile
856 2639 1061 2708 potest.
1101 2629 1422 2688 Missionem
1456 2638 1512 2686 et
1541 2629 1773 2697 domum
1805 2629 2090 2690 Societatis

517 2732 998 2810 Constantinopoli
1054 2732 1367 2810 pestilentia
1417 2741 1720 2805 everterat,
1774 2732 1837 2788 P.
1892 2733 2091 2792 Petrus

516 2837 764 2895 Cotonus
785 2882 799 2911 ,
827 2837 1052 2894 Henrici
1078 2837 1150 2893 IV
1175 2837 1341 2914 Regis
1366 2834 1560 2891 Galliae
1589 2833 1955 2891 confessarius
1973 2878 1987 2907 ,
2014 2835 2087 2892 de

514 2937 610 2994 illa
649 2939 1010 2996 instauranda
1051 2947 1237 3015 egerat
1279 2958 1407 2995 cum
1445 2937 1626 3012 Rege,
1667 2936 1764 3012 qui
1799 2934 2085 3010 negotium

513 3039 713 3096 Baroni
771 3040 1088 3117 SalignacO,
1159 3058 1259 3097 suo
1322 3040 1475 3116 apud
1536 3037 1719 3095 aulam
1790 3038 2082 3094 Turcicam

512 3139 696 3218 legato
719 3185 733 3212 ,
768 3141 927 3198 enixe
958 3140 1398 3213 commendavit,
1433 3149 1487 3197 et
1516 3159 1547 3195 a
1580 3139 1889 3195 Turcarum
1928 3139 2082 3195 Prin-

514 3244 636 3320 cipe
684 3243 1084 3322 amplissimam
1136 3242 1392 3301 veniendi
1450 3240 1769 3299 facultatem
1820 3241 2080 3299 Patribus
