2210 3651
476 243 747 282 nisTomAE
789 240 1107 278 socmTAms
1151 242 1300 279 Jnsn.
1593 219 1672 278 55

116 372 147 410 e
189 368 339 408 sacra
376 345 716 404 confessione
747 343 1052 419 cognitam,
1093 351 1189 399 aut
1230 344 1348 417 ejus
1372 343 1535 399 etiam
1565 341 1673 399 ali-

115 469 285 526 quam
328 457 540 525 partem
581 445 653 502 ad
690 465 747 502 se
781 444 1142 521 pertinuisse,
1190 441 1475 499 fateretur.
1531 445 1673 501 Cum

115 558 376 606 neutrum
405 547 724 618 tormentis,
760 545 903 604 dolis
925 591 938 618 ,
972 544 1238 623 appositis
1262 543 1499 602 testibus
1520 588 1534 616 ,
1561 546 1676 603 effi-

115 669 237 707 cere
277 651 618 727 potuissent,
677 647 1038 705 nihilominus
1087 645 1517 723 promulgarunt
1560 655 1676 702 tan-

115 771 282 827 quam
320 750 633 808 confessum
675 749 1091 826 probatumque
1136 749 1380 821 crimen,
1426 756 1676 805 auctores

115 855 542 929 conjurationis,
605 852 930 908 architectos
985 861 1038 907 et
1102 849 1273 908 duces
1338 851 1673 920 Garnetum,

114 952 459 1012 Oldcornum
484 999 497 1026 ,
534 954 783 1029 aliosque
829 952 1153 1009 Sacerdotes
1196 951 1481 1008 Societatis
1533 949 1677 1007 exti-

113 1054 262 1112 tisse.
293 1056 412 1113 Hoc
440 1056 662 1112 nomine
683 1054 746 1110 P.
777 1054 1071 1110 Eduardus
1095 1052 1409 1110 Oldcornus
1430 1052 1675 1129 primum
1709 1066 1874 1101 necatur
1911 1073 2003 1102 cum

115 1153 388 1232 Vigorniae
435 1175 741 1234 suspensus
797 1164 913 1227 est,
973 1155 1208 1231 septimo
1259 1153 1392 1211 Idus
1446 1151 1670 1229 Aprilis.
1712 1125 2002 1177 P'⁰¹d⁰⁰¹'¹²⁰'

113 1255 346 1314 Eboraci
382 1258 564 1314 lucem
593 1257 873 1314 hauserat.
917 1256 1053 1341 Inde
1082 1257 1286 1313 Remos
1308 1256 1366 1311 in
1389 1253 1624 1311 Galliam
1648 1272 1678 1308 a

111 1358 441 1435 parentibus
484 1359 709 1430 missus,
763 1358 991 1414 biennio
1037 1364 1163 1433 post
1203 1356 1441 1411 Romam
1492 1354 1677 1426 venit,

112 1478 322 1514 annum
345 1459 522 1515 aetatis
545 1477 712 1534 agens
736 1458 982 1534 primum
1007 1465 1061 1512 et
1082 1456 1412 1531 vigesimum
1444 1475 1455 1509 :
1486 1453 1681 1529 ibique

112 1579 287 1617 annos
322 1560 436 1617 fere
477 1570 687 1638 septem
722 1556 1093 1636 philosophiae
1123 1575 1187 1612 ac
1224 1553 1512 1630 theologiae
1542 1571 1681 1629 ope-

111 1681 231 1718 ram
262 1661 436 1719 dedit.
473 1661 734 1720 Adscitus
764 1661 821 1716 in
845 1659 1174 1716 Societatem
1206 1674 1351 1712 anno
1374 1673 1682 1712 MDLXXXVI

110 1765 376 1823 remissus
407 1765 554 1822 illico
588 1765 645 1821 in
681 1763 937 1841 Angliam
974 1769 1085 1834 est,
1120 1759 1221 1817 ubi
1256 1757 1526 1816 sexcentis
1554 1776 1684 1834 sup-

111 1868 292 1947 pliciis
354 1868 426 1926 ad
475 1868 771 1945 gloriosam
836 1872 1071 1921 mortem
1129 1869 1506 1939 praeparatus,
1561 1877 1685 1916 eam

113 1971 356 2029 libenter
395 1971 586 2029 subire
615 1989 674 2027 se
702 1967 982 2044 religionis
1025 1963 1311 2021 catholicae
1344 1980 1510 2019 causa
1550 1979 1688 2038 pro-

114 2072 294 2130 fessus
336 2081 439 2129 est.
497 2070 586 2128 Ad
633 2070 941 2126 Garnetum
993 2063 1394 2142 spectandum,
1448 2082 1576 2119 cum
1627 2062 1688 2117 in

119 2173 529 2231 Londinensem
552 2171 794 2247 plateam
822 2166 1249 2244 produceretur,
1277 2164 1474 2240 quinto
1497 2162 1686 2219 Nonas

116 2275 276 2346 Maii,
319 2273 482 2330 turba
531 2269 811 2328 concurrit
854 2269 1071 2345 ingens.
1114 2267 1155 2323 E
1198 2266 1446 2338 theatrO,
1485 2265 1544 2320 in
1572 2283 1686 2341 quo

117 2374 438 2455 patibulum
487 2374 593 2450 ipsi
637 2372 1003 2429 constitutum
1052 2377 1200 2441 erat,
1258 2365 1571 2425 Catholicos
1614 2363 1688 2420 ad

119 2477 496 2536 obedientiam
532 2494 596 2531 ac
624 2473 1010 2543 tolerantiam,
1044 2469 1180 2527 alios
1218 2469 1290 2525 ad
1328 2468 1532 2524 avitam
1554 2464 1688 2522 reli·
1737 2541 1739 2543 ι

120 2581 342 2658 gionem
394 2575 754 2654 repetendam
807 2572 1162 2643 cohortatus,
1208 2569 1517 2626 Romanam
1560 2564 1690 2621 lau-

123 2683 275 2739 davit
321 2679 523 2751 fidem,
577 2697 678 2756 pro
729 2679 887 2753 cujus
938 2672 1296 2733 sanctissimis
1329 2668 1574 2746 -legibus
1632 2685 1691 2724 se

121 2783 352 2856 millies,
379 2782 423 2838 si
454 2781 672 2853 liceret,
707 2779 1040 2836 moriturum
1064 2774 1379 2832 affirmavit.
1408 2772 1566 2829 Hanc
1595 2768 1691 2825 ad-

123 2886 493 2943 hortationem
555 2889 894 2960 exceperunt
951 2896 1141 2956 preces
1194 2894 1296 2953 pro
1354 2875 1540 2951 Rege,
1585 2889 1689 2948 pro

128 2996 355 3056 senam,
405 3003 505 3061 pro
568 2983 845 3040 carissima
895 2980 1100 3057 patria,
1153 2996 1254 3055 pro
1308 2996 1364 3035 se
1414 2996 1426 3030 z
1481 2972 1691 3050 quibus

127 3086 362 3162 peractis
397 3086 456 3140 in
488 3083 662 3142 scalas
692 3082 947 3160 patibulo
971 3081 1224 3137 admotas
1254 3078 1427 3136 evasit
1455 3071 1692 3131 incredi-

129 3184 233 3243 bili
271 3185 460 3244 vultus
494 3186 780 3262 animique
822 3180 1135 3243 serenitate.
1176 3178 1456 3258 Ingemuit
1497 3171 1696 3231 multi-
