2210 3651
521 267 636 325 146
1190 284 1431 322 ΕΡιΤοΜΕ
1469 248 1475 255 ’

521 386 956 446 vociferantibus
996 387 1208 465 Pragae.
1268 389 1392 446 Visa
1433 397 1516 447 est
1558 390 1770 448 occasio
1820 389 2087 467 praeclara

519 491 761 549 Hussitis
792 490 1024 567 aliisque
1054 490 1333 566 religionis
1365 491 1623 550 hostibus
1653 494 1882 550 insitum
1911 494 1969 549 in
1993 512 2088 549 ca—

520 592 753 651 tholicos
775 592 967 650 odium
999 591 1319 664 saturandi,
1353 594 1561 670 praedae
1585 615 1710 673 spes
1733 598 2088 675 plebeculam

522 695 846 760 stimulavit.
893 694 1281 767 Concurrunt,
1328 704 1383 752 et
1433 698 1615 773 specie
1659 699 1947 758 seditiosos
1991 699 2092 755 mi-

519 797 644 855 lites
681 795 1104 874 compescendi,
1144 796 1356 854 faciunt
1389 799 1659 875 impetum
1703 802 1757 856 in
1802 801 2086 873 coenobia,

520 919 697 974 eaque
747 898 1052 976 diripiunt,
1116 899 1441 958 Sacerdotes
1498 910 1552 958 et
1608 902 1754 960 viros
1804 903 2088 980 religiosos

521 1004 941 1075 contrucidant,
969 1007 1202 1080 jamque
1237 1003 1468 1080 collegio
1507 1003 1827 1078 Societatis,
1862 1013 1926 1061 ut
1955 1023 2090 1081 prae-

520 1105 654 1163 clari
696 1106 907 1163 laboris
951 1114 1114 1163 metae
1150 1127 1213 1162 ac
1251 1106 1480 1183 praemio
1519 1105 1805 1163 luculento
1841 1106 2096 1162 immine-

518 1208 660 1265 bant
676 1253 690 1282 ,
718 1229 846 1265 cum
870 1207 1118 1266 furentes
1141 1208 1402 1285 repressit
1424 1207 1565 1264 lecta
1588 1210 1841 1284 equitum
1865 1226 2090 1280 manus,

517 1332 550 1368 a
595 1311 861 1386 Pragensi
913 1310 1141 1367 collecta
1187 1311 1535 1386 magistrata.
1587 1310 1847 1367 Clamant
1888 1310 2095 1367 nihilo-

517 1415 705 1472 minus
754 1413 927 1470 latere
979 1411 1269 1470 seditiosos
1313 1413 1370 1468 in
1412 1411 1684 1490 collegiO,
1729 1412 1863 1469 inde
1911 1421 2095 1468 extur-

516 1514 768 1587 bandos,
804 1515 1036 1593 plenum
1067 1534 1354 1571 armorum
1397 1533 1517 1572 esse
1538 1559 1552 1587 ,
1586 1514 1718 1571 inde
1747 1511 2052 1569 auferenda
2080 1531 2092 1567 :

518 1638 646 1675 cum
682 1637 866 1694 neque
888 1616 1121 1689 militeS,
1155 1636 1340 1693 neque
1364 1636 1516 1672 arma
1547 1616 1808 1673 immissis
1838 1615 2099 1691 explora-

516 1720 737 1777 toribus
778 1718 1016 1777 fuissent
1059 1717 1437 1795 deprehensa,
1480 1737 1679 1794 vesana
1725 1717 1889 1794 plebs
1926 1715 2102 1773 haere-

517 1821 640 1878 ticis
689 1820 908 1879 facibus
953 1799 1218 1890 accensa,
1269 1820 1329 1875 in
1373 1820 1525 1893 ipsos
1576 1818 1988 1894 exploratores,
2044 1827 2101 1876 et

517 1922 734 1997 equites
762 1919 944 1974 irruit.
980 1918 1184 1973 Irritati
1215 1919 1476 1975 conviciis
1506 1917 1849 1976 invehuntur
1879 1920 1937 1975 in
1972 1939 2099 1977 con-

517 2023 719 2080 fertam
754 2018 1175 2076 multitudinem
1197 2063 1212 2091 ,
1245 2028 1301 2076 et
1336 2021 1774 2079 audacissimum
1813 2034 2098 2100 quemque

519 2126 577 2182 in
627 2123 820 2200 fugam
867 2129 1202 2179 convertunt
1253 2143 1264 2177 :
1319 2122 1639 2200 iterumque
1690 2143 1756 2181 ac
1805 2125 1968 2181 tertio
2016 2144 2099 2182 re-

521 2227 759 2284 deuntes
800 2223 1015 2282 infestis
1062 2222 1185 2281 telis
1245 2224 1604 2282 submovent.
1662 2225 1938 2282 Successit
1987 2244 2100 2282 nox

521 2328 954 2387 formidolosior.
1009 2326 1252 2403 Dilapsis
1309 2326 1597 2402 equitibus
1656 2326 1887 2402 patebat
1937 2325 2100 2382 colle-

521 2435 677 2511 gium
702 2433 1000 2510 direptioni
1030 2431 1348 2488 certissimae
1373 2449 1436 2485 ac
1458 2425 1718 2486 vastitati.
1751 2427 2005 2486 Crudelis
2035 2447 2100 2485 ac

521 2536 743 2592 funesta
792 2554 942 2592 mors
1001 2533 1234 2609 singulis
1284 2551 1426 2608 pene
1492 2531 1788 2588 momentis
1839 2540 2103 2607 expecta-

523 2632 715 2695 batur.
765 2636 1167 2694 Seditiosorum
1211 2645 1396 2691 turma
1439 2637 1792 2692 numerosior
1814 2636 1890 2694 ,ad
1922 2656 2102 2714 expu-

524 2740 806 2818 gnandam
873 2739 1104 2795 domum
1170 2746 1539 2810 convenerat,
1606 2757 1669 2793 ac
1735 2738 1841 2795 nisi
1904 2737 2100 2794 fuisset

526 2845 884 2921 impetratum
947 2841 1182 2898 militare
1233 2839 1590 2918 praesidium,
1643 2839 1715 2897 de
1764 2839 1994 2914 collegio
2043 2847 2100 2895 et

527 2945 790 3002 Patribus
814 2954 998 3001 actum
1023 2953 1160 3001 erat.
1191 2943 1234 3000 A
1260 2942 1535 3000 militibus
1565 2942 1816 3019 depulsi,
1842 2942 1915 2997 ad
1938 2942 2097 3000 villas

526 3050 835 3107 rusticanas
899 3047 1051 3105 unde
1107 3046 1393 3123 vectigalia
1458 3046 1673 3122 collegii
1730 3045 2092 3122 petebantur,

529 3149 871 3227 diripiendas
920 3148 1285 3206 convolarunt
1335 3172 1346 3204 :
1386 3148 1584 3205 horrea
1636 3142 1915 3205 frumento
1959 3166 2095 3224 spo-,-

529 3252 690 3326 liata,
716 3270 888 3329 pecus
909 3251 1205 3324 abactum,
1241 3250 1442 3309 dirutae
1473 3251 1753 3323 maceriae,
1788 3249 2095 3308 deformata
