2210 3651
482 311 752 351 ms'romffi
793 309 1112 347 socmTAT1s
1155 311 1306 351 susti.
1548 292 1660 351 121

116 415 277 472 diatis
314 432 441 490 quae
481 413 857 470 offerebantur
885 412 957 470 ab
988 411 1246 470 Antistite
1275 416 1438 473 variis
1475 436 1669 475 mune-

113 514 305 585 ribuS,
351 516 554 572 rosaria
592 514 893 586 duntaxat,
938 516 1205 593 imagines
1246 518 1400 593 pias,
1433 529 1488 575 et
1517 540 1669 579 sacra

116 615 452 672 numismata
483 617 537 671 in
569 617 802 693 patriam
833 617 1102 674 detulere.
1133 616 1421 674 Ardebant
1442 619 1668 695 plurimi

32 743 36 746 ’
109 734 141 772 e
182 717 383 773 nostris
425 716 549 774 illos
592 719 872 790 comitari,
920 728 975 776 et
1021 718 1369 776 Madurensis
1413 718 1669 777 Ecclesiae

106 815 294 892 fruges
336 818 481 876 alere
520 820 820 900 sudoribus
853 821 994 892 suis3
1037 820 1134 877 uni
1165 819 1358 875 datum
1389 819 1494 875 hoc
1524 820 1670 876 Patri

106 917 455 977 Emmanueli
490 920 734 998 Leytano
756 965 770 993 a
805 922 1047 977 tironum
1083 920 1366 977 Societatis
1397 920 1672 978 Cocinen-

105 1021 250 1078 sium
301 1024 587 1098 magistro,
639 1023 737 1098 qui
786 1023 969 1079 statim
1014 1023 1256 1078 arduum
1305 1022 1431 1094 iter,
1485 1030 1540 1078 et
1580 1020 1672 1076 hi-

104 1119 293 1180 bernis
328 1123 592 1181 infestum
628 1123 911 1181 imbribus
946 1122 1239 1200 capessivit
1275 1141 1402 1178 cum
1444 1121 1689 1180 duobus

108 1222 453 1283 Christianis.

105 1403 109 1406 ν
271 1327 379 1396 Qui
422 1324 791 1382 Brachmanes
831 1325 902 1382 ad
936 1325 1110 1383 fidem
1153 1327 1210 1382 in
1248 1324 1407 1383 India
1435 1325 1672 1382 vocabat

106 1424 288 1498 Deus,
332 1426 480 1483 idem
525 1426 793 1483 litteratos
835 1436 890 1483 et
937 1426 1292 1484 Mandarinos
1326 1426 1398 1482 ad
1436 1427 1669 1483 eandem

106 1523 425 1581 adducebat
453 1527 511 1580 in
539 1526 773 1602 imperio
799 1527 1034 1583 Sinensi.
1068 1527 1361 1583 Eminebat
1382 1529 1525 1583 inter
1546 1527 1671 1587 illos

107 1623 303 1680 doctor
350 1625 588 1697 Paulus7
636 1627 734 1701 qui
785 1626 1140 1698 Sciamaiam,
1186 1627 1421 1702 patriam
1474 1646 1667 1703 suam,

106 1743 234 1780 cum
265 1725 328 1783 P.
350 1725 554 1782 Lazaro
588 1726 828 1783 Cataneo
853 1726 1160 1803 profectUS,
1193 1746 1314 1783 eam
1347 1726 1670 1786 Christianis

105 1825 358 1883 moribus
397 1835 451 1883 et
485 1827 751 1883 institutis
792 1827 898 1884 hoc
926 1837 980 1884 et
1011 1828 1295 1905 superiore
1328 1847 1473 1885 anno
1503 1848 1671 1886 exco-

103 1922 245 1997 luit,
278 1927 440 2002 eique
469 1926 651 1983 lucem
683 1927 1066 2003 Evangelicam
1098 1928 1307 1985 intulit.
1344 1928 1494 1986 Licet
1523 1932 1672 1988 enim

107 2023 484 2083 Christianum
539 2047 745 2084 nomen
796 2028 1137 2104 jamdudum
1200 2028 1389 2085 Sinam
1448 2049 1672 2088 omnem

104 2127 468 2202 pervasisset,
502 2128 861 2186 nihilominus
904 2130 964 2184 in
1003 2128 1108 2186 hac
1147 2129 1292 2186 urbe
1325 2129 1513 2186 adhuc
1556 2141 1674 2188 erat

107 2229 437 2302 obscurius,
483 2240 603 2286 tum
645 2230 800 2307 quod
845 2232 900 2288 in
940 2240 1186 2287 extremo
1227 2231 1445 2307 imperii
1487 2230 1675 2291 littore

107 2341 298 2389 contra
333 2331 627 2408 Japoniam
650 2334 826 2407 jacet,
860 2340 982 2387 tum
1012 2330 1166 2407 quod
1198 2329 1405 2387 famam
1435 2340 1490 2388 et
1519 2350 1674 2389 sanc-

103 2435 320 2491 titatem
379 2433 705 2491 Christianae
764 2433 902 2509 legis
954 2452 1206 2509 premere
1262 2440 1317 2489 et
1374 2432 1673 2491 obliterare

104 2535 430 2592 nitebantur
470 2535 689 2613 profani
730 2535 1042 2594 sacerdotes
1084 2543 1140 2592 et
1173 2535 1359 2607 avari,
1400 2554 1431 2591 e
1459 2535 1672 2610 quibus

107 2636 199 2694 alii
242 2637 600 2710 verebantur⁷
639 2657 710 2694 ne
740 2656 888 2694 unus
917 2647 972 2694 et
1001 2638 1326 2714 peregrinus
1359 2638 1509 2695 Deus
1540 2656 1670 2696 suos

106 2746 220 2794 tam
264 2737 499 2811 multos,
543 2740 865 2816 patriosque
913 2740 1185 2810 vinceret3
1228 2739 1320 2795 alii
1367 2740 1668 2815 timebant,

105 2859 179 2897 ne
237 2838 466 2915 dilapsis
524 2840 768 2896 Deorum
830 2840 1140 2897 cultoribus
1199 2840 1504 2898 carendum
1562 2842 1671 2899 sibi

107 2949 427 3017 quaestuosa
487 2941 690 3017 pietate
747 2961 811 2998 ac
868 2941 1302 2998 mendicandum
1361 2941 1522 2999 foret.
1578 2940 1668 2999 Ab

111 3059 306 3099 eorum
352 3043 597 3118 quodam
656 3042 942 3100 lacessitus
984 3042 1176 3099 doctor
1233 3042 1440 3101 Paulus
1495 3043 1669 3099 atroci

113 3142 349 3219 script0‚
390 3163 503 3219 quo
538 3144 619 3200 illi
660 3147 1006 3223 peregrinam
1041 3145 1418 3235 exprobrabat
1453 3144 1668 3219 religio-

114 3262 273 3316 nem‚
325 3254 597 3322 susceptae
643 3246 778 3306 fidei
826 3249 1095 3307 rationem
1144 3247 1418 3306 contrario
1474 3242 1668 3302 libello

1781 1332 2005 1374 Mandat-ini

1710 1397 1824 1438 Pauli
1845 1396 1986 1451 pietas.

1762 1741 1953 1783 Excursio

1709 1807 1755 1848 P.
1776 1806 1954 1849 Catanei.
