2210 3651
187 1717 246 1758 De
265 1715 315 1757 P.
338 1715 491 1760 Jacobo

186 1780 396 1825 MuffettO.

247 2750 279 2792 Ε
304 2751 466 2793 Canada

193 2814 370 2858 Societas
423 2816 473 2858 ab

193 2880 331 2936 Anglis
345 2879 490 2939 ejecta.

528 258 646 319 186
1188 279 1429 318 EP1T0ME

521 391 796 462 potestate
853 391 1019 442 esset.
1073 382 1276 440 Irritati
1339 382 1444 440 hac
1494 383 1740 441 oratione
1797 381 2092 441 retrahunt

521 486 685 544 illum
746 487 803 543 in
864 505 1170 557 carcerem,
1231 484 1332 542 ubi
1390 489 1538 563 ejus,
1599 496 1663 544 ut
1720 486 2051 563 inquiebant
2072 529 2087 560 ⁷

521 589 883 666 pertinaciam
941 609 1042 666 per
1091 595 1215 644 octo
1276 606 1492 646 menses
1551 608 1871 666 expugnare
1926 588 2092 645 variis

521 693 787 751 aerumnis
827 692 1007 750 conati
1048 700 1179 748 sunt
1223 711 1235 746 t
1280 690 1461 766 iisque
1505 700 1869 768 consumptus
1899 689 2095 747 fuisset

520 795 626 852 nisi
662 796 873 870 Regina
909 792 1097 848 invicti
1137 791 1452 850 Sacerdotis
1483 793 1651 848 vitam
1688 802 1743 849 et
1777 792 2096 850 libertatem

520 917 552 954 a
587 898 794 954 Senatu
832 904 1130 953 exorasset.
1167 894 1287 951 Hoc
1323 894 1522 951 ultimo
1551 894 1825 951 beneficio
1854 893 2101 950 donatus

522 999 668 1057 cavit
692 1018 763 1055 ne
793 1017 850 1056 se
875 998 932 1053 in
963 996 1275 1074 periculum
1300 997 1562 1075 deinceps
1584 996 1744 1054 facile
1766 996 2093 1073 conjiceret7

522 1100 736 1178 diuque
758 1099 826 1156 ad
863 1098 1170 1156 multorum
1201 1099 1496 1157 utilitatem
1523 1099 1822 1178 superfuit.

686 1202 889 1260 Incidit
937 1204 995 1258 in
1050 1202 1158 1258 hoc
1211 1204 1399 1279 ipsum
1453 1211 1678 1279 tempus
1737 1203 1798 1259 P.
1868 1202 2104 1260 Thomae

520 1303 873 1382 Laythwayti
905 1322 1017 1359 non
1040 1322 1188 1361 unus
1219 1322 1429 1375 carcer7
1455 1302 1866 1379 multiplexque
1901 1303 2104 1360 discri-

519 1423 652 1461 men
688 1425 700 1460 :
736 1403 835 1462 sed
878 1404 1007 1480 quia
1043 1403 1194 1462 illius
1234 1405 1306 1461 de
1338 1404 1604 1481 religione
1645 1406 1980 1463 concertatio
2017 1404 2105 1463 fa-

520 1524 678 1564 mosa
738 1526 868 1563 cum
926 1506 1171 1565 antistite
1220 1506 1605 1565 Cantuariensi
1662 1507 1721 1563 in
1771 1517 2099 1584 sequentem

521 1628 734 1667 annum
788 1609 1057 1682 incurrit,
1123 1610 1495 1685 narrationem
1559 1618 1734 1667 totam
1797 1629 1864 1668 eo
1921 1630 2109 1689 usque

522 1710 870 1770 differemus,
898 1707 963 1768 P.
996 1710 1247 1769 Jacobus
1276 1711 1571 1769 Muffettus
1596 1711 1733 1769 dum
1765 1732 1883 1769 rem
1908 1712 2107 1770 catho-

521 1812 687 1869 licam
719 1813 777 1869 in
800 1812 980 1870 Scotia
1021 1811 1255 1870 feliciter
1290 1814 1463 1890 gerit,
1498 1823 1695 1891 captus
1718 1824 1802 1872 est
1830 1825 1885 1873 et
1906 1815 2106 1872 Edim-

520 1914 771 1993 burgum
827 1915 1156 1991 perductus.
1220 1914 1309 1971 Illi
1354 1916 1540 1972 statim
1600 1917 1898 1974 constituta
1952 1931 2106 1976 mors

520 2014 658 2089 fuit,
686 2036 750 2073 ac
779 2015 1007 2074 duobus
1037 2037 1068 2074 e
1097 2016 1309 2094 populo
1339 2018 1471 2075 viris
1495 2018 1689 2095 probis
1711 2064 1725 2092 7
1759 2018 1916 2096 quod
1941 2020 2104 2077 sacri—

520 2118 712 2176 ficanti
735 2117 1065 2177 adfuissent.
1094 2119 1127 2177 J
1132 2140 1220 2176 am
1244 2119 1531 2196 pendebat
1552 2119 1796 2178 carnifex
1816 2121 1874 2176 in
1897 2121 2099 2194 ictum⁷

523 2239 655 2277 cum
685 2219 874 2278 subito
899 2220 1110 2279 clamor
1133 2221 1371 2295 tollitur,
1405 2232 1461 2279 et
1483 2224 1593 2279 vita
1615 2222 1870 2299 gloriosis
1893 2223 2099 2281 Christi

521 2323 763 2382 testibus
795 2343 1052 2381 concessa
1074 2369 1088 2396 a
1122 2324 1458 2402 deprecante
1489 2325 1946 2383 Christi'anissimi
1981 2326 2099 2383 Re-

520 2425 605 2502 gis
654 2436 872 2484 oratore
925 2427 1340 2504 pronuntiatur.
1395 2428 1579 2489 Moesti
1636 2447 1829 2485 omnes
1887 2427 2094 2485 disces-

523 2537 752 2599 serunt3
816 2530 906 2586 isti
961 2528 1117 2605 quod
1166 2548 1363 2587 necare
1414 2539 1754 2604 vetarentur„
1808 2529 1889 2586 illi
1945 2531 2097 2607 quod

516 2629 855 2707 juberentur
883 2631 1087 2689 vivere.

688 2732 1004 2791 Doluerunt
1033 2732 1199 2813 Angli
1230 2743 1309 2792 tot
1337 2734 1591 2792 homines
1620 2734 1943 2810 Societatis7
1985 2743 2096 2791 tam

526 2843 730 2911 praeter
753 2854 908 2913 spem
946 2836 1053 2894 sibi
1083 2846 1324 2914 ereptos.
1354 2836 1470 2894 Ulti
1501 2847 1631 2895 sunt
1655 2837 1907 2895 dolorem
1931 2856 2098 2893 suum

527 2936 698 2995 Sociis
728 2939 993 2997 omnibus
1017 2960 1047 2996 e
1077 2939 1302 2996 Canada
1332 2939 1786 2997 exterminandis,
1823 2938 1949 2994 Fuit
1978 2935 2099 2993 An-

524 3039 747 3117 glorum
781 3043 838 3096 in
872 3041 980 3098 hoc
1022 3043 1241 3118 negotio
1289 3042 1522 3118 insignis
1556 3039 1816 3118 quaedam
1860 3037 2097 3116 perfidia

525 3162 721 3219 quam⁷
747 3143 996 3220 ipsorum
1028 3142 1252 3201 honoris
1283 3163 1478 3216 causa⁷
1512 3142 1774 3210 libenter.
1810 3142 1853 3199 si
1883 3140 2093 3211 liceret7

526 3243 745 3303 silentio
785 3246 1150 3324 praeterirem.
1190 3246 1447 3325 Coeperat
1475 3244 1718 3304 Societas
1746 3245 1806 3302 in
1836 3240 2058 3303 Canada
2076 3283 2089 3310 ‚
