2210 3651
518 213 596 272 62>
1183 242 1424 283 EPITOME

514 338 758 394 animam
800 340 1038 416 efflavit,
1085 343 1266 422 pridie
1309 347 1583 409 Calendas
1622 350 1870 430 Apriles,
1914 355 2091 415 aetatis

514 459 662 497 anno
693 443 853 499 tertio
888 454 943 501 et
973 445 1284 522 trigesimO,
1318 448 1377 504 in
1402 450 1749 529 Quamcheo,
1787 458 2090 534 provinciae

518 541 857 614 Quantuniae
890 545 1033 603 urbe
1065 548 1348 624 primaria.

681 646 844 704 Venit
874 668 974 725 per
1001 668 1094 706 eos
1119 649 1236 708 dies
1262 652 1650 723 Quamcheum
1677 660 1843 735 primi
1867 660 2093 719 Ordinis

514 749 913 823 Mandarinus,
958 750 1169 808 Pekino
1211 753 1449 829 missus,
1497 766 1561 814 ut
1610 763 1951 836 provinciam
1994 782 2095 839 gu-

515 849 811 924 bernaret,
875 852 1061 930 deque
1110 854 1216 912 isto
1265 857 1547 932 tumultu,
1609 870 1664 917 et
1715 865 2096 940 conjuratione

518 964 896 1031 cognosceret.
925 956 1092 1014 Hunc
1128 959 1366 1037 supplex
1391 961 1528 1018 adiit
1557 962 1620 1019 P.
1649 962 2057 1041 Longobardus
2077 1010 2092 1039 ,

514 1066 692 1135 utque
715 1077 939 1116 causam
960 1059 1190 1118 Patrum
1223 1071 1278 1119 et
1301 1063 1576 1123 Francisci
1600 1065 1853 1125 Martinis
1882 1089 2098 1146 expen-

514 1159 701 1230 deret,
754 1159 1085 1219 obsecravit.
1140 1163 1272 1238 Ille,
1327 1174 1392 1221 ut
1435 1176 1554 1223 erat
1603 1168 1688 1224 vir
1743 1169 1988 1246 probus,
2042 1178 2100 1227 et

515 1263 768 1320 Riccium
792 1263 987 1321 Pekini
1004 1309 1018 1338 ,
1043 1265 1234 1324 Patres
1260 1267 1397 1325 alios
1420 1267 1543 1325 aliis
1565 1269 1624 1324 in
1645 1268 1782 1327 locis
1805 1290 2099 1348 perspexe-

513 1376 630 1439 rat,
677 1368 966 1443 negotium
1009 1369 1249 1446 impigre
1292 1370 1559 1448 suscepit.
1609 1370 1801 1429 Testes
1837 1373 2097 1449 privatim

514 1467 880 1527 Mandarinus
900 1513 914 1541 ,
946 1470 1294 1547 urbiumque
1325 1471 1642 1548 praefectos,
1675 1474 1904 1550 publice
1932 1475 2100 1531 inter-

513 1572 751 1648 rogavit.
787 1572 1186 1649 Omnibusque
1220 1575 1512 1650 perpensis
1548 1575 1737 1631 fictam
1767 1576 2100 1652 conjuratio-

514 1693 668 1746 nem,
703 1674 894 1731 Patres
916 1684 972 1732 et
996 1674 1291 1732 Lusitanos
1320 1695 1515 1732 vacare
1539 1675 1705 1753 culpa
1727 1677 2057 1753 pronuntiat
2082 1699 2095 1734 ε

506 1775 755 1852 judicem
800 1776 1158 1854 improbum,
1197 1796 1229 1833 a
1271 1796 1385 1853 quo
1417 1776 1642 1836 deditus
1673 1780 1794 1835 neci
1832 1778 2102 1836 Martinez

512 1879 726 1954 fuerat,
767 1880 1106 1958 exprobrato
1147 1880 1354 1938 scelere
1393 1883 1732 1961 constringi,
1779 1892 1834 1940 et
1867 1882 1941 1939 ad
1970 1883 2102 1940 Pro-

512 2002 736 2060 regem,
784 1992 848 2039 ut
891 1983 1089 2040 merito
1136 1982 1412 2061 supplicio
1454 1984 1821 2062 plecteretur,
1863 1986 2103 2062 imperat

512 2084 781 2160 pertrahi.
828 2085 1077 2143 Sinensis
1117 2094 1236 2143 erat
1269 2085 1597 2143 Franciscus
1639 2077 1942 2159 Ma1¹tinez,
1982 2087 2104 2163 pri-

514 2205 641 2244 mus
691 2208 759 2244 ex
810 2187 906 2244 illa
957 2198 1123 2265 gente
1173 2187 1504 2246 Societatem
1549 2189 1868 2265 ingressuS,
1924 2197 1980 2245 et
2028 2188 2104 2245 ad

516 2307 700 2347 sacros
724 2291 948 2348 ordines
979 2291 1025 2348 si
1055 2291 1167 2347 vita
1192 2288 1628 2366 suppeditasset,
1654 2288 2098 2365 promovendus.

210 2386 359 2429 Felices
388 2400 481 2460 ΡΨ·
683 2393 790 2449 Tot
842 2412 1074 2450 suorum
1118 2412 1343 2464 necem,
1390 2400 1475 2449 tot
1518 2391 1704 2450 clades
1746 2402 2001 2469 acceptas
2044 2392 2104 2448 in

182 2465 344 2572 {gagius
440 2467 480 2493 m
523 2495 747 2551 Venetia
771 2539 786 2566 ,
812 2494 870 2550 in
895 2493 1094 2572 Anglia
1117 2539 1131 2567 ,
1163 2495 1220 2551 in
1253 2493 1713 2572 Transsylvania,
1747 2495 1806 2550 in
1835 2494 2064 2552 Polonia
2082 2540 2097 2569 ,

518 2597 576 2651 in
612 2595 776 2669 Sina,
821 2597 881 2652 in
917 2596 1282 2674 Philippinis,
1322 2596 1425 2653 ubi
1462 2596 1639 2655 multa
1673 2597 1817 2654 Socii
1853 2600 2104 2676 perpessi

518 2707 651 2756 sunt
692 2719 723 2755 a
757 2698 1047 2774 barbaris,
1094 2699 1376 2758 consolata
1413 2709 1497 2757 est
1533 2699 1777 2759 Societas
1818 2720 2101 2779 propaga-

518 2802 667 2858 tione
696 2801 979 2878 religionis
1000 2803 1059 2859 in
1090 2800 1217 2860 Asia
1240 2812 1296 2860 et
1327 2800 1509 2860 Africa
1532 2803 1590 2859 in
1613 2805 1798 2881 regnis
1828 2803 2102 2862 Siamensi

518 2925 582 2962 ac
618 2905 971 2979 Madurensi,
1018 2906 1076 2962 in
1118 2906 1334 2963 Guinea
1376 2914 1431 2963 et
1465 2925 1636 2983 regno
1675 2905 1995 2984 Angolan03
2041 2908 2101 2964 in

518 3009 752 3085 Europa·
774 3009 1020 3086 denique
1055 3009 1158 3066 ubi
1199 3008 1525 3081 domiciliis,
1562 3007 1740 3080 fama,
1772 3008 1903 3065 viris
1935 3016 2099 3065 aucta

517 3110 752 3168 feliciter
800 3119 903 3168 est.
959 3112 1100 3169 Cum
1155 3111 1482 3184 Ternatam,
1535 3108 1887 3189 Molucarum
1939 3109 2100 3166 facile

520 3215 831 3292 principem
857 3258 872 3289 ,
915 3213 1165 3273 Lusitani
1191 3215 1556 3292 recepissent,
1590 3212 1889 3291 collegium
1917 3212 2099 3271 Patri-
