2210 3651
151 617 263 647 error
282 605 391 649 utilis

150 670 364 726 Religioni.

484 265 513 322 1
524 265 601 324 52
1143 287 1383 326 EPrrOME

481 391 726 464 dlxerat,
767 410 831 449 ac
859 399 1179 450 nostrorum
1221 392 1281 448 in
1316 392 1442 449 Sina
1481 392 1779 470 praesidem
1823 393 2045 452 Patrem

480 495 954 573 Longobardum,
1000 494 1099 551 diu
1141 494 1199 551 in
1240 493 1480 572 Imperio
1525 506 1829 555 versatum.
1864 497 2046 568 Quem

482 597 676 656 multis
703 597 875 656 rebus
904 596 1168 675 praeclare
1201 597 1368 673 gestis
1410 597 1622 655 clarum
1643 644 1657 672 ,
1694 619 1846 657 error
1881 600 2049 656 etiam

482 699 798 758 Sinensium
875 699 1281 775 astrologorum
1357 699 1691 759 nobilitavit.
1776 700 2053 758 Inciderat

482 802 702 880 eclipsis
757 802 931 859 Lunae
981 803 1040 857 in
1097 801 1469 858 Decembrem
1532 803 1662 857 anni
1723 802 2044 880 superioris,

480 905 693 963 Notum
736 914 819 962 est
858 913 1069 981 quanta
1119 902 1494 960 sollicitudine
1537 902 1875 961 defectiones
1921 902 2053 960 solis

482 1014 538 1064 et
565 1005 716 1063 lunae
745 1006 1116 1064 observentur
1152 1005 1305 1084 apud
1342 1005 1521 1064 Sinas.
1555 1006 1838 1063 Momenta
1868 1006 2055 1062 omnia

485 1108 563 1166 sic
603 1108 931 1186 expendunt
980 1110 1115 1186 regii
1165 1108 1462 1186 astrologi,
1508 1119 1571 1166 ut
1614 1111 1660 1168 si
1710 1110 1780 1168 de
1837 1129 2057 1168 summa

486 1209 713 1287 Imperii
766 1220 1042 1287 ageretur.
1110 1210 1342 1268 Illorum
1394 1214 1692 1270 sententias
1752 1221 1808 1270 et
1859 1212 2060 1270 obser-

484 1314 735 1370 vationes
773 1313 982 1389 colligit
1025 1333 1230 1390 praeses
1278 1313 1574 1371 tribunalis
1618 1313 1966 1389 astrologici,
2006 1320 2062 1368 et

487 1415 604 1472 suis
646 1414 878 1473 libratas
919 1416 1269 1493 ponderibus
1312 1417 1482 1473 mittit
1515 1418 1587 1475 ad
1630 1417 2060 1494 Imperatorem,

490 1518 650 1592 cujus
684 1519 848 1593 jussu
900 1517 1178 1575 tabellarii
1227 1530 1561 1578 concursant
1601 1538 1795 1576 omnes
1843 1519 2068 1594 provin-

491 1617 626 1691 cias,
659 1619 1080 1697 admonentque
1113 1621 1380 1698 Proreges
1410 1622 1481 1678 de
1510 1621 1837 1678 imminente
1872 1620 2067 1679 sideris

491 1719 762 1797 deliquio.
805 1722 1060 1808 Pendent
1103 1724 1355 1780 omnium
1391 1733 1618 1781 arrectae
1649 1732 1862 1780 mentes
1898 1732 2069 1799 atque

492 1822 664 1896 oculi,
692 1835 746 1882 et
768 1825 934 1884 fatale
958 1836 1309 1884 momentum
1333 1827 1479 1883 anxii
1501 1826 1821 1900 trepidique
1844 1834 2073 1901 praesto-

492 1924 705 1981 lantur.
733 1928 992 1981 Siuenses
1023 1923 1331 2000 astrologos
1354 1925 1620 1981 divinatio
1644 1945 1744 1983 sua
1763 1925 2070 1985 fefellerat:

493 2035 612 2082 tota
646 2025 784 2080 hora
821 2023 1233 2082 deerraverant.
1279 2026 1546 2085 Detectus
1574 2048 1726 2085 error
1760 2049 1791 2086 a
1826 2030 1889 2086 P.
1932 2029 2075 2087 Lon-

494 2127 783 2206 gobardO,
831 2138 887 2186 et
930 2113 1052 2208 ipso
1089 2138 1292 2187 eventu
1338 2131 1768 2208 comprobatus,
1821 2134 2075 2209 gravissi-

494 2253 645 2295 mam
671 2233 1036 2291 offensionem
1066 2233 1311 2311 popule,
1347 2234 1697 2292 stomachum
1719 2235 2070 2312 Imperatori,

497 2335 788 2413 astrologis
845 2337 1160 2414 periculum
1225 2348 1536 2412 creaverat,
1592 2358 1835 2415 quorum
1891 2339 2076 2417 negli-

498 2440 684 2518 gentia
709 2440 887 2518 capite
922 2439 1207 2517 plectitur,
1246 2441 1501 2498 instituto
1524 2441 1725 2517 gentis.
1761 2441 2076 2516 Principem

501 2542 743 2616 adeunt,
779 2542 1060 2621 supplices
1090 2562 1314 2620 poenam
1346 2542 1553 2599 infimis
1584 2541 1847 2618 precibus
1878 2541 2075 2617 depre-

503 2655 724 2719 cantur,
770 2666 884 2703 non
934 2666 1101 2704 suum
1152 2646 1304 2703 hunc
1352 2665 1626 2718 errorem,
1689 2644 1788 2703 sed
1830 2654 2077 2702 astrono-

503 2750 777 2806 micarum
826 2769 945 2808 esse
981 2749 1340 2822 tabularum,
1392 2748 1602 2825 quibus
1646 2746 1784 2804 dum
1824 2747 2078 2824 religiose

505 2855 804 2928 insistunt,
849 2854 989 2932 lapsi
1046 2854 1280 2930 turpiter
1322 2852 1451 2909 sint.
1507 2851 1683 2908 Orant
1713 2849 1913 2926 jubeat
1956 2848 2079 2906 illas

508 2957 792 3014 emendari
814 3002 828 3029 ,
861 2967 916 3014 et
945 2958 1188 3015 inustam
1221 2955 1418 3011 Sinicae
1450 2952 1649 3026 famae,
1686 2962 1855 3027 atque
1895 2950 2080 3006 erudi-

508 3059 644 3115 tioni
680 3068 868 3115 notam
914 3059 1106 3116 deleri.
1159 3056 1641 3132 Circumspicienti
1682 3053 1924 3128 Principi
1959 3051 2081 3127 qui-

508 3161 621 3219 bus
662 3160 806 3217 hanc
854 3162 993 3216 tanti
1036 3159 1304 3215 momenti
1348 3157 1689 3234 provinciam
1728 3155 2072 3231 imponeret,

511 3264 653 3323 nulli
697 3265 1065 3324 occurrebant
1105 3271 1308 3342 praeter
1350 3260 1636 3319 Societatis
1668 3259 1893 3332 Patres,
1933 3275 2079 3334 quo-
