2210 3651
210 939 438 984 Silvaeducis
450 970 464 995 ,

212 1544 482 1590 Ruremundae
495 1575 508 1600 ,

217 1858 339 1902 Firmi
350 1890 364 1913 ⁷

223 2476 369 2521 Stabiae
381 2507 396 2532 ,

230 2783 386 2829 Molfeti
394 2815 403 2826 .

285 2980 470 3024 Mulieris

234 3047 433 3089 industria
489 3045 533 3088 in

235 3111 480 3169 Philippinis

534 290 565 347 1
577 288 606 347 1
615 288 651 347 8
1194 306 1435 345 EPITOME

533 409 911 488 appellatum,
958 409 1216 486 illudque
1255 408 1615 467 Cadomensis
1652 407 1990 465 Universitas
2038 405 2097 462 in

534 531 701 570 suum
741 532 942 591 corpus
978 512 1277 589 cooptavit.
1321 509 1408 568 Ab
1438 511 1713 568 intestinis
1750 509 1914 566 bellis
1950 527 2099 586 pau-

534 612 655 673 lum
704 616 993 693 respiravit
1042 613 1324 690 Belgium,
1376 614 1552 690 pactis
1599 613 1743 669 inter
1803 610 2100 669 Albertum

535 716 849 795 Principem
887 727 941 775 et
970 715 1206 774 Ordines
1247 714 1546 772 foederatos
1586 713 1846 771 induciis.
1881 709 2103 788 Peperit

537 821 643 878 ista
687 822 845 896 quies
886 820 1143 877 Societati
1183 818 1297 874 duo
1339 816 1569 893 collegia
1613 814 2007 873 Silvaducense
2050 818 2106 868 et

538 922 1068 979 Ruremundanum.
1118 919 1264 977 Silva
1305 919 1508 993 DuciS,
1563 918 1752 976 civitas
1792 913 2107 972 Brabantiae

537 1026 892 1102 permunita,
954 1023 1110 1082 sedet
1159 1023 1232 1080 ad
1289 1023 1529 1079 fluvium
1584 1022 1810 1078 Desam.
1882 1014 2110 1074 Scholas

541 1127 758 1185 bellum
802 1136 1196 1205 prostraverat.
1233 1124 1335 1182 Eas
1366 1131 1661 1182 erexerunt
1688 1121 1962 1193 induciae,
1996 1127 2113 1176 ste-

540 1239 845 1307 teruntque
900 1247 1073 1286 annos
1131 1228 1361 1304 viginti,
1413 1225 1625 1302 quibus
1683 1224 1916 1300 elapsis,
1983 1238 2113 1277 cum

540 1332 807 1408 Princeps
842 1329 1176 1387 Arausiacus
1212 1328 1412 1385 urbem
1448 1334 1850 1404 expugnasset,
1888 1342 2115 1380 rursum

546 1443 679 1494 sunt
728 1452 970 1507 aversae,
1017 1441 1073 1490 et
1113 1431 1342 1490 exilium
1386 1431 1589 1488 nostris
1632 1431 1990 1506 imperatum.
2045 1423 2119 1482 At

546 1535 917 1594 Ruremunda
945 1535 1085 1592 urbs
1124 1533 1405 1591 Gueldriae
1435 1531 1507 1588 ad
1538 1530 1885 1588 confluentes
1914 1528 2117 1598 Rurae,

550 1649 605 1698 et
640 1639 843 1711 Mosae,
881 1638 1137 1716 quamvis
1174 1646 1229 1694 et
1257 1636 1377 1712 ipsa
1406 1633 1824 1692 Foederatorum
1862 1629 2124 1706 aliquan-

551 1741 652 1800 diu
690 1760 852 1819 passa
874 1743 1109 1817 jugum,
1154 1737 1385 1795 retinuit
1428 1745 1613 1793 tamen
1653 1734 2014 1803 Societatem,
2059 1748 2124 1786 ac

551 1846 809 1903 domi-nos
850 1836 1095 1920 denique
1137 1841 1344 1898 alienos
1387 1837 1649 1895 excussit.
1696 1835 2021 1892 Firmanum
2068 1830 2128 1886 in

549 1942 754 2006 Piceno
817 1945 1115 2020 collegium
1164 1941 1406 1998 debetur
1461 1937 1747 2016 praecipue
1817 1931 2126 2012 patrocinio

550 2051 614 2108 B.
671 2048 885 2128 Aloysii
936 2047 1244 2123 Gonzagae,
1296 2043 1395 2119 qui
1442 2041 1535 2119 pie
1575 2041 1895 2108 invocatus,
1950 2034 2126 2092 cunc-

551 2161 734 2210 tantes
763 2171 827 2208 ac
857 2149 1192 2208 dissidentes
1221 2146 1425 2203 civium
1464 2142 1780 2200 voluntates
1809 2139 1885 2195 ita
1915 2137 2130 2192 immu-

553 2255 725 2326 tavit,
771 2263 836 2310 ut
863 2253 923 2308 in
953 2249 1210 2308 eamdem
1252 2265 1445 2303 omnes
1478 2245 1549 2300 de
1577 2241 1827 2299 vocanda
1857 2238 2130 2295 Societate

557 2355 889 2415 sen-tentiam
921 2351 1301 2410 convenirent.
1343 2345 1587 2405 Auctum
1620 2341 1871 2401 similiter
1900 2337 2129 2397 duobus

560 2460 806 2536 collegiis
846 2475 1084 2532 reguum
1112 2451 1544 2529 Neapolitanum
1575 2466 1603 2504 ε·
1633 2444 1941 2515 Stabiensi,
1981 2443 2041 2497 in
2068 2459 2134 2497 ea

561 2563 708 2620 urbe
745 2559 1014 2617 citerioris
1050 2555 1402 2632 Principatus
1425 2596 1439 2624 ,
1473 2569 1643 2626 quam
1674 2545 1843 2622 vulgo
1874 2544 2135 2602 Castrum

561 2663 765 2735 mariS,
821 2681 920 2720 seu
962 2659 1181 2717 Stabias
1231 2661 1462 2727 vocant,
1516 2660 1572 2709 et
1612 2645 1975 2733 Melfictensi,
2037 2661 2136 2701 seu

562 2762 879 2824 Molfetensi
909 2764 966 2819 in
998 2759 1220 2839 Apulia.

729 2865 966 2925 Condita
1034 2881 1263 2940 quoque
1328 2853 1599 2915 nonnulla
1662 2852 1733 2910 de
1799 2852 2013 2924 integro
2077 2846 2137 2901 in

566 2971 900 3048 Philippinis
938 2965 1218 3025 domicilia
1255 2959 1571 3031 Societatis,
1610 2951 1918 3033 praesertim
1951 2949 2010 3004 in
2047 2947 2141 3002 in-

570 3073 691 3134 sula
736 3068 1113 3148 Siquiorensi,
1158 3083 1285 3141 quae
1328 3082 1441 3120 una
1482 3059 1720 3117 maxime
1754 3054 1943 3112 clausa
1983 3047 2143 3106 vide-

570 3177 744 3235 batur
774 3169 1070 3247 Evangelio
1114 3189 1125 3224 :
1161 3166 1293 3225 huic
1328 3165 1533 3222 ostium
1567 3158 1831 3217 reseravit
1867 3150 2141 3210 industria

574 3277 797 3338 feminae
826 3272 1184 3343 Christianae,
1216 3268 1373 3325 initio
1402 3266 1573 3324 ducto
1605 3263 1679 3321 ab
1712 3259 1848 3339 ipsis
1891 3252 2143 3313 mulieri-
