2210 3651
434 278 705 317 msTomAE
745 275 1064 313 soC1ETAT1s
1107 278 1256 314 JESU.
1511 256 1624 315 115

78 395 170 441 tur
196 380 527 440 Communio
560 375 842 436 Generalis
872 398 884 433 ε
918 385 1167 434 mutatur
1195 378 1446 435 consulto
1478 379 1627 439 aedes

77 503 259 556 sacra,
298 493 361 540 ut
403 484 577 558 major
613 479 998 557 opportunitas
1040 476 1112 533 ad
1143 496 1353 534 sacram
1382 496 1626 537 mensam

74 583 433 643 conveniendi
484 581 747 639 omnibus
795 579 1131 658 praebeatur.
1185 578 1344 635 Brevi
1391 579 1629 638 conflata

71 684 178 742 fuit
213 686 302 762 pia
344 683 636 756 sodalitas,
677 683 766 739 cui
807 700 1009 737 nomen
1044 678 1283 735 inditum
1312 698 1343 734 a
1372 677 1631 735 Commu-

72 788 238 844 nione
267 785 544 863 generali,
577 793 630 842 et
666 785 823 859 cujus
853 781 1206 858 potissimum
1235 787 1417 855 partes
1449 786 1634 834 essent

74 896 137 944 ut
169 887 387 945 sodales
418 885 671 961 exemplo
702 885 828 940 vitae
849 927 862 954 ,
897 881 1166 939 modestia
1199 881 1256 936 in
1285 879 1539 957 templis,
1571 899 1637 936 ac

71 989 337 1065 peculiari
367 989 570 1064 pietate
598 988 656 1041 in
684 985 885 1042 divinis
909 984 1184 1061 mysteriis
1212 982 1555 1059 frequenter,
1582 990 1637 1039 et

74 1100 263 1147 sancte
294 1087 631 1165 usurpandis
672 1085 883 1164 populo
926 1083 1314 1162 praelucerent.
1352 1083 1496 1140 Hinc
1525 1103 1638 1140 ma-

66 1193 246 1267 jorem
275 1190 597 1254 inmodum
628 1197 788 1244 aucta
818 1195 931 1259 est,
965 1204 1078 1241 non
1109 1184 1292 1243 solum
1323 1184 1633 1256 veneratiO,
1668 1192 1671 1195 ’

79 1291 177 1349 sed
210 1291 376 1348 etiam
417 1309 555 1348 usus
591 1288 784 1346 creber
821 1283 1187 1344 Eucharistici'
1210 1286 1388 1363 panis.
1424 1284 1639 1342 Accidit

75 1394 222 1450 enim
247 1392 305 1448 in
328 1390 432 1446 hac
448 1388 789 1466 Angelorum
815 1388 982 1464 dape,
1011 1397 1200 1444 contra
1224 1387 1447 1463 penitus
1469 1404 1641 1460 quam

77 1496 136 1550 in
157 1493 278 1549 aliis
308 1491 569 1549 usuvenit
597 1512 607 1546 :
638 1490 760 1546 aliae
790 1488 987 1546 crebro
1016 1490 1245 1563 ingestae
1273 1486 1558 1543 fastidium
1587 1462 1648 1543 et

77 1614 343 1653 nauseam
387 1591 663 1662 afferunt,
704 1591 864 1648 istius
910 1597 1135 1665 experta
1180 1585 1450 1658 suavitas,
1497 1585 1646 1643 elicit

81 1697 394 1775 appetitum
413 1740 428 1768 ,
461 1703 517 1752 et
545 1695 666 1771 ipsa
696 1693 915 1751 satietas
944 1689 1148 1746 famem
1171 1688 1337 1765 parit.

241 1798 392 1854 Dum
421 1794 742 1871 religionem
775 1791 1043 1850 catholica
1065 1790 1239 1867 pietas
1267 1787 1607 1866 amplificare
1625 1832 1641 1862 ,

79 1909 134 1956 et
182 1897 460 1955 illustrare
507 1894 800 1967 studebat,
860 1893 1005 1950 hanc
1061 1892 1286 1949 haeresis
1345 1890 1647 1949 obscurare

85 2009 253 2076 atque
289 1998 592 2075 depravare
629 1996 936 2054 conabatur
964 1997 1166 2073 partim
1197 1994 1498 2051 verborum
1529 2004 1648 2052 ten—

84 2099 316 2171 diculis,
355 2108 410 2155 et
447 2117 730 2156 sacrorum
759 2096 1035 2154 librorum
1065 2093 1408 2172 corruptela,
1442 2094 1647 2170 partim

86 2198 413 2269 calumniis,
451 2207 506 2254 et
547 2198 720 2269 fictis,
764 2205 826 2253 ut
869 2196 1038 2269 solet,
1076 2195 1303 2253 fabulis.
1349 2194 1649 2251 Librorum

89 2298 460 2376 corruptelam
495 2298 712 2375 sapiens
748 2306 1001 2353 matrona
1041 2295 1209 2355 simul
1243 2305 1411 2372 atque
1453 2313 1653 2371 cogno-

88 2403 202 2471 vit,
249 2400 462 2457 nullam
519 2399 851 2476 interposuit
908 2417 1119 2454 moram
1178 2398 1316 2473 quin
1373 2395 1653 2453 convictos

91 2503 255 2560 malae
280 2501 412 2559 fidei
441 2503 697 2558 doctores
726 2501 1023 2558 desereret.
1064 2498 1194 2554 Erat
1223 2497 1318 2553 illa
1354 2497 1497 2553 inter
1525 2514 1656 2554 suos

93 2605 312 2683 pridem
354 2605 428 2662 ob
472 2605 758 2682 ingenium
796 2612 851 2660 et
888 2602 1259 2660 eruditionem
1301 2598 1469 2677 (hanc
1509 2598 1658 2654 enim

95 2707 261 2764 etiam
291 2706 621 2764 mulieribus
645 2750 659 2777 ,
693 2705 775 2761 uti
810 2713 865 2761 et
899 2702 1138 2761 docendi
1170 2701 1522 2771 facultatem,
1557 2699 1660 2754 tri-

97 2807 308 2885 buunt)
353 2827 568 2884 magnae
605 2806 946 2864 auctoritatis
977 2816 1031 2863 et
1058 2804 1241 2861 famae.
1282 2802 1447 2859 Sacra
1482 2798 1662 2857 Biblia

102 2911 306 2968 centies
334 2909 543 2986 legerat
564 2928 628 2966 ac
648 2908 987 2987 perlegerat,
1021 2927 1084 2963 ac
1114 2925 1319 2984 purum
1344 2912 1663 2981 putumque

102 3011 330 3069 Lutheri
371 3010 730 3088 Evangelium
767 3010 946 3087 plenis
990 3009 1201 3084 ubique
1243 3005 1437 3063 buccis
1479 3019 1664 3077 crepa-

103 3111 232 3183 bat,
283 3131 481 3188 magno
515 3113 899 3190 imperitorum
936 3111 1159 3189 plausu.
1201 3105 1551 3164 Exultantem
1583 3118 1664 3154 re-

105 3214 305 3290 pressit
354 3234 500 3273 unus
543 3235 575 3272 e
615 3214 871 3287 nostris,
897 3213 1180 3270 affirmans
1221 3206 1663 3293 haudquaquam
