2210 3651
222 786 263 823 et
279 782 392 825 Forae
421 784 463 825 in

222 848 392 893 Guinea.

531 239 646 299 126
1188 263 1429 301 EPITOME

527 381 772 421 sororem
814 383 878 422 ac
927 374 1037 423 tres
1081 383 1212 424 suos
1253 365 1448 425 fratres
1484 367 1557 425 ad
1588 367 1933 447 baptismum
1977 369 2100 447 per-

527 465 818 539 duxisset,
886 485 1097 524 sacram
1150 469 1518 525 ceremoniam
1575 471 1777 548 insigni
1825 480 2100 549 apparatu

527 569 793 628 celebrari
839 569 1046 644 voluit,
1092 570 1191 646 qui
1227 569 1436 628 multos
1472 570 1738 649 dynastas
1782 571 1856 630 ad
1885 573 2103 629 imitan-

527 671 665 729 dum
708 673 1003 750 permovit.

690 774 951 851 Philippo
989 791 1102 830 non
1133 772 1370 830 cedebat
1410 774 1640 849 Petrus,
1676 796 1774 834 rex
1817 777 2007 850 Torae,
2046 777 2104 834 in

525 877 721 935 eadem
777 877 1011 934 Guinea.
1063 877 1318 935 Feminas
1361 879 1677 956 principes,
1742 880 1919 956 ipsius
1974 889 2104 938 ante

525 978 905 1056 baptismum,
971 999 1170 1038 uxores
1237 981 1297 1038 in
1360 991 1577 1059 partem
1649 982 1931 1039 bonorum
1990 982 2104 1060 qua

523 1078 890 1154 fruebantur,
924 1091 978 1139 et
1008 1081 1320 1140 christianae
1364 1083 1549 1157 Fidei,
1588 1086 1805 1141 vocavit
1851 1107 1862 1142 ε
1908 1086 2104 1143 vicinis

523 1181 731 1257 regulis
793 1182 913 1240 aliis
992 1184 1444 1261 superstitiones,
1505 1184 1625 1242 aliis
1690 1187 1860 1260 vitia,
1911 1186 2104 1244 multis

521 1286 672 1342 idola
711 1287 937 1363 eripuit.
971 1288 1132 1345 Unus
1170 1287 1332 1344 illum
1377 1287 1620 1363 angebat
1662 1286 1824 1343 dolor
1877 1288 1947 1345 de
1987 1288 2103 1344 filio

524 1387 927 1464 primogenitO,
962 1408 1133 1465 quem
1163 1388 1336 1445 nullae
1359 1389 1660 1446 vincebant
1689 1388 2102 1447 cohortationes

523 1500 579 1547 et
621 1489 945 1564 blanditiae,
991 1491 1135 1548 nulli
1175 1501 1360 1549 metus
1410 1490 1483 1546 ab
1533 1491 1728 1548 insano
1778 1491 2104 1548 daemonum

525 1591 683 1649 cultu
706 1591 1121 1650 absterrebant.
1158 1592 1310 1663 Quid
1339 1590 1540 1669 plura?
1574 1611 1645 1648 ne
1674 1591 1887 1648 videret
1923 1591 2110 1650 Chris-

523 1694 739 1751 tianum
781 1703 1035 1771 patrem,
1087 1693 1286 1771 procul
1331 1695 1683 1751 discesserat.
1740 1694 2006 1771 Respexit
2049 1712 2109 1752 se

441 1849 450 1859 Α,
524 1795 754 1853 tandem
779 1839 793 1868 ,
852 1796 1019 1852 rediit
1069 1794 1141 1851 ad
1183 1804 1435 1872 patrem,
1481 1793 1855 1852 Christianam
1908 1793 2105 1851 Fidem

249 2313 457 2355 Deseritur

193 2378 289 2422 urbs
300 2380 341 2421 S.
354 2380 376 2420 J
380 2380 492 2422 acobi

194 2445 236 2486 in
289 2447 492 2487 Tucuma-

193 2509 278 2552 nia.

525 1896 817 1974 amplexus
873 1906 930 1954 et
985 1896 1305 1972 baptizatus
1366 1904 1470 1953 est.
1533 1895 1655 1953 Rex
1702 1895 1922 1969 filium,
1976 1906 2108 1953 tan-

524 2018 698 2075 quam
759 2007 952 2054 natum
997 1995 1217 2069 denUO,
1277 2006 1333 2054 et
1394 1995 1610 2054 meliori
1669 1996 1939 2053 donatum
1993 1998 2108 2055 vita

526 2100 903 2179 complectens
926 2145 941 2174 ,
1002 2098 1315 2177 lacrymas,
1380 2098 1599 2176 paterni
1651 2106 1821 2157 testes
1881 2098 2103 2177 gaudii,

524 2222 629 2281 pro
658 2222 791 2261 voce
819 2201 990 2260 fudit.

693 2305 920 2383 Aliquid
959 2305 1151 2361 damni
1183 2303 1426 2360 Societas
1467 2302 1681 2379 accepit
1714 2303 1774 2358 in
1819 2301 2103 2377 America,

528 2422 584 2470 et
613 2412 888 2489 oppidum
928 2408 1116 2466 Sancti
1150 2406 1349 2464 Jacobi
1381 2406 1710 2483 primarium
1743 2405 2106 2462 Tucumaniae

529 2515 784 2573 deserere
816 2522 1005 2570 coacta
1043 2521 1155 2583 est,
1203 2510 1334 2586 quia
1371 2507 1657 2566 servitium
1687 2506 1980 2583 personale
2009 2506 2106 2562 In-

528 2618 732 2674 dorum
763 2635 876 2672 non
907 2623 1127 2670 tantum
1158 2611 1377 2683 verbis,
1422 2619 1477 2667 et
1516 2608 1766 2685 scriptis,
1800 2606 1897 2665 sed
1928 2606 2108 2664 multo

529 2719 706 2795 magis
749 2716 908 2775 factis
953 2713 1386 2773 condemnabat.
1435 2710 1586 2784 Quid
1629 2719 1773 2768 esset
1816 2709 2103 2766 servitium

528 2820 712 2893 istud,
768 2820 960 2897 paucis
1023 2815 1419 2895 explicandum
1476 2824 1579 2872 est.
1647 2813 1789 2872 Cum
1856 2813 2104 2890 primum

529 2923 764 3000 Hispani
811 2919 1246 2998 religionem-in
1298 2917 1614 2975 Americam
1659 2914 1974 2974 Australem
2024 2916 2107 2972 in-

529 3033 804 3084 vexerunt
825 3067 839 3096 ,
871 3022 1198 3099 impositum
1232 3019 1338 3077 fuit
1368 3020 1521 3077 Indis
1551 3017 1784 3094 vectigal
1814 3018 2104 3094 quoddam

532 3147 631 3186 seu
685 3126 1001 3196 tributum,
1064 3123 1219 3200 quod
1269 3121 1473 3198 singuli
1521 3128 1850 3199 praestarent
1898 3121 2102 3177 viritim

532 3229 795 3306 Hispanis
835 3227 984 3286 bene
1014 3227 1086 3285 de
1120 3224 1411 3304 republica
1446 3223 1672 3285 meritiS.
1711 3223 1776 3280 In
1805 3241 1870 3281 eo
1891 3222 2102 3281 consis-
