<?xml version="1.0" encoding="UTF-8"?>
<!DOCTYPE html PUBLIC "-//W3C//DTD XHTML 1.0 Transitional//EN"
    "http://www.w3.org/TR/xhtml1/DTD/xhtml1-transitional.dtd">
<html xmlns="http://www.w3.org/1999/xhtml" xml:lang="en" lang="en">
 <head>
  <title>
</title>
<meta http-equiv="Content-Type" content="text/html;charset=utf-8" />
  <meta name='ocr-system' content='tesseract 3.04.00' />
  <meta name='ocr-capabilities' content='ocr_page ocr_carea ocr_par ocr_line ocrx_word'/>
</head>
<body>
  <div class='ocr_page' id='page_1' title='image "./epitomehistoriso04jouv_0242.png"; bbox 0 0 2210 3651; ppageno 0'>
   <div class='ocr_carea' id='block_1_1' title="bbox 445 266 1353 324">
    <p class='ocr_par' dir='ltr' id='par_1_1' title="bbox 445 266 1353 324">
     <span class='ocr_line' id='line_1_1' title="bbox 445 266 1353 324; baseline -0.009 -1"><span class='ocrx_word' id='word_1_1' title='bbox 445 266 569 324; x_wconf 63' lang='lat'>2324</span> <span class='ocrx_word' id='word_1_2' title='bbox 1111 279 1353 316; x_wconf 80' lang='lat' dir='ltr'>EPrroME</span> 
     </span>
    </p>
   </div>
   <div class='ocr_carea' id='block_1_2' title="bbox 445 380 2040 1798">
    <p class='ocr_par' dir='ltr' id='par_1_2' title="bbox 445 380 2040 1798">
     <span class='ocr_line' id='line_1_2' title="bbox 447 380 2024 461; baseline -0.005 -17"><span class='ocrx_word' id='word_1_3' title='bbox 447 388 513 444; x_wconf 90' lang='lat' dir='ltr'>P.</span> <span class='ocrx_word' id='word_1_4' title='bbox 554 382 781 444; x_wconf 88' lang='lat' dir='ltr'>Nobilio</span> <span class='ocrx_word' id='word_1_5' title='bbox 825 391 979 461; x_wconf 79' lang='lat' dir='ltr'>gesta</span> <span class='ocrx_word' id='word_1_6' title='bbox 1021 401 1161 441; x_wconf 88' lang='lat' dir='ltr'>esse.</span> <span class='ocrx_word' id='word_1_7' title='bbox 1214 380 1406 439; x_wconf 82' lang='lat' dir='ltr'>Simile</span> <span class='ocrx_word' id='word_1_8' title='bbox 1455 380 1872 453; x_wconf 88' lang='lat' dir='ltr'>testimonium,</span> <span class='ocrx_word' id='word_1_9' title='bbox 1925 382 2024 456; x_wconf 90' lang='lat' dir='ltr'>qui</span> 
     </span>
     <span class='ocr_line' id='line_1_3' title="bbox 446 481 2027 566; baseline -0.004 -20"><span class='ocrx_word' id='word_1_10' title='bbox 446 490 590 546; x_wconf 89' lang='lat' dir='ltr'>ritus</span> <span class='ocrx_word' id='word_1_11' title='bbox 625 487 752 545; x_wconf 89' lang='lat' dir='ltr'>illos</span> <span class='ocrx_word' id='word_1_12' title='bbox 795 507 896 566; x_wconf 91' lang='lat' dir='ltr'>per</span> <span class='ocrx_word' id='word_1_13' title='bbox 946 505 1065 545; x_wconf 90' lang='lat' dir='ltr'>sese</span> <span class='ocrx_word' id='word_1_14' title='bbox 1107 505 1171 543; x_wconf 90' lang='lat' dir='ltr'>ac</span> <span class='ocrx_word' id='word_1_15' title='bbox 1220 485 1473 562; x_wconf 83' lang='lat' dir='ltr'>proxime</span> <span class='ocrx_word' id='word_1_16' title='bbox 1520 484 1884 556; x_wconf 67' lang='lat' dir='ltr'>intuebatur,</span> <span class='ocrx_word' id='word_1_17' title='bbox 1929 481 2027 540; x_wconf 89' lang='lat' dir='ltr'>Ar-</span> 
     </span>
     <span class='ocr_line' id='line_1_4' title="bbox 448 586 2026 671; baseline -0.008 -19"><span class='ocrx_word' id='word_1_18' title='bbox 448 593 839 671; x_wconf 89' lang='lat' dir='ltr'>chiepiscopus</span> <span class='ocrx_word' id='word_1_19' title='bbox 865 587 1336 666; x_wconf 79' lang='lat' dir='ltr'>Crauganorensis</span> <span class='ocrx_word' id='word_1_20' title='bbox 1367 587 1525 644; x_wconf 86' lang='lat' dir='ltr'>dedit</span> <span class='ocrx_word' id='word_1_21' title='bbox 1545 631 1560 661; x_wconf 88' lang='lat'>,</span> <span class='ocrx_word' id='word_1_22' title='bbox 1591 586 1749 664; x_wconf 88' lang='lat' dir='ltr'>quod</span> <span class='ocrx_word' id='word_1_23' title='bbox 1771 595 1949 644; x_wconf 84' lang='lat' dir='ltr'>exstat</span> <span class='ocrx_word' id='word_1_24' title='bbox 1968 586 2026 641; x_wconf 92' lang='lat' dir='ltr'>in</span> 
     </span>
     <span class='ocr_line' id='line_1_5' title="bbox 445 689 2029 767; baseline -0.004 -15"><span class='ocrx_word' id='word_1_25' title='bbox 445 697 716 752; x_wconf 86' lang='lat' dir='ltr'>Romanae</span> <span class='ocrx_word' id='word_1_26' title='bbox 745 692 1133 752; x_wconf 85' lang='lat' dir='ltr'>Professorum</span> <span class='ocrx_word' id='word_1_27' title='bbox 1165 690 1369 748; x_wconf 86' lang='lat' dir='ltr'>domus</span> <span class='ocrx_word' id='word_1_28' title='bbox 1395 689 1672 747; x_wconf 89' lang='lat' dir='ltr'>tabulario</span> <span class='ocrx_word' id='word_1_29' title='bbox 1703 695 1821 767; x_wconf 77' lang='lat' dir='ltr'>ers</span> <span class='ocrx_word' id='word_1_30' title='bbox 1844 709 2029 747; x_wconf 80' lang='lat' dir='ltr'>exara-</span> 
     </span>
     <span class='ocr_line' id='line_1_6' title="bbox 445 792 2031 855; baseline -0.005 -1"><span class='ocrx_word' id='word_1_31' title='bbox 445 808 568 855; x_wconf 87' lang='lat' dir='ltr'>tum</span> <span class='ocrx_word' id='word_1_32' title='bbox 615 816 808 853; x_wconf 85' lang='lat' dir='ltr'>mann.</span> <span class='ocrx_word' id='word_1_33' title='bbox 865 796 931 852; x_wconf 93' lang='lat' dir='ltr'>In</span> <span class='ocrx_word' id='word_1_34' title='bbox 972 813 1037 851; x_wconf 92' lang='lat' dir='ltr'>eo</span> <span class='ocrx_word' id='word_1_35' title='bbox 1083 802 1271 851; x_wconf 88' lang='lat' dir='ltr'>sancte</span> <span class='ocrx_word' id='word_1_36' title='bbox 1313 792 1556 849; x_wconf 87' lang='lat' dir='ltr'>affirmat</span> <span class='ocrx_word' id='word_1_37' title='bbox 1607 813 1639 848; x_wconf 90' lang='lat' dir='ltr'>a</span> <span class='ocrx_word' id='word_1_38' title='bbox 1684 811 1743 851; x_wconf 87' lang='lat' dir='ltr'>se</span> <span class='ocrx_word' id='word_1_39' title='bbox 1791 792 1934 849; x_wconf 89' lang='lat' dir='ltr'>lecta</span> <span class='ocrx_word' id='word_1_40' title='bbox 1975 800 2031 848; x_wconf 93' lang='lat' dir='ltr'>et</span> 
     </span>
     <span class='ocr_line' id='line_1_7' title="bbox 447 897 2029 979; baseline -0.005 -19"><span class='ocrx_word' id='word_1_41' title='bbox 447 903 760 960; x_wconf 82' lang='lat' dir='ltr'>examinata</span> <span class='ocrx_word' id='word_1_42' title='bbox 805 901 1068 979; x_wconf 87' lang='lat' dir='ltr'>penitus,</span> <span class='ocrx_word' id='word_1_43' title='bbox 1115 899 1366 975; x_wconf 85' lang='lat' dir='ltr'>itemque</span> <span class='ocrx_word' id='word_1_44' title='bbox 1409 918 1439 954; x_wconf 92' lang='lat' dir='ltr'>a</span> <span class='ocrx_word' id='word_1_45' title='bbox 1475 898 1607 955; x_wconf 81' lang='lat' dir='ltr'>viris</span> <span class='ocrx_word' id='word_1_46' title='bbox 1649 897 2029 975; x_wconf 66' lang='lat' dir='ltr'>peritissimis,</span> 
     </span>
     <span class='ocr_line' id='line_1_8' title="bbox 445 996 2033 1082; baseline -0.006 -20"><span class='ocrx_word' id='word_1_47' title='bbox 445 1023 826 1082; x_wconf 80' lang='lat' dir='ltr'>quaecumque</span> <span class='ocrx_word' id='word_1_48' title='bbox 866 1010 1053 1061; x_wconf 88' lang='lat' dir='ltr'>essent</span> <span class='ocrx_word' id='word_1_49' title='bbox 1082 1001 1172 1059; x_wconf 79' lang='lat' dir='ltr'>vel</span> <span class='ocrx_word' id='word_1_50' title='bbox 1209 1001 1427 1078; x_wconf 87' lang='lat' dir='ltr'>objecta</span> <span class='ocrx_word' id='word_1_51' title='bbox 1462 999 1608 1056; x_wconf 87' lang='lat' dir='ltr'>Patri</span> <span class='ocrx_word' id='word_1_52' title='bbox 1654 999 1914 1072; x_wconf 83' lang='lat' dir='ltr'>Nobilio,</span> <span class='ocrx_word' id='word_1_53' title='bbox 1945 996 2033 1055; x_wconf 76' lang='lat' dir='ltr'>vel</span> 
     </span>
     <span class='ocr_line' id='line_1_9' title="bbox 446 1101 2031 1182; baseline -0.005 -19"><span class='ocrx_word' id='word_1_54' title='bbox 446 1106 520 1163; x_wconf 87' lang='lat' dir='ltr'>ab</span> <span class='ocrx_word' id='word_1_55' title='bbox 552 1125 617 1163; x_wconf 90' lang='lat' dir='ltr'>eo</span> <span class='ocrx_word' id='word_1_56' title='bbox 652 1124 920 1182; x_wconf 88' lang='lat' dir='ltr'>responsa</span> <span class='ocrx_word' id='word_1_57' title='bbox 945 1149 959 1176; x_wconf 90' lang='lat'>,</span> <span class='ocrx_word' id='word_1_58' title='bbox 994 1123 1182 1181; x_wconf 88' lang='lat' dir='ltr'>neque</span> <span class='ocrx_word' id='word_1_59' title='bbox 1213 1102 1382 1160; x_wconf 90' lang='lat' dir='ltr'>modo</span> <span class='ocrx_word' id='word_1_60' title='bbox 1412 1102 1576 1159; x_wconf 91' lang='lat' dir='ltr'>illum</span> <span class='ocrx_word' id='word_1_61' title='bbox 1605 1122 1800 1160; x_wconf 81' lang='lat' dir='ltr'>vacare</span> <span class='ocrx_word' id='word_1_62' title='bbox 1832 1101 2031 1178; x_wconf 89' lang='lat' dir='ltr'>culpa,</span> 
     </span>
     <span class='ocr_line' id='line_1_10' title="bbox 448 1202 2037 1280; baseline -0.004 -15"><span class='ocrx_word' id='word_1_63' title='bbox 448 1208 547 1266; x_wconf 88' lang='lat' dir='ltr'>sed</span> <span class='ocrx_word' id='word_1_64' title='bbox 584 1207 659 1264; x_wconf 94' lang='lat' dir='ltr'>ob</span> <span class='ocrx_word' id='word_1_65' title='bbox 694 1227 814 1264; x_wconf 90' lang='lat' dir='ltr'>rem</span> <span class='ocrx_word' id='word_1_66' title='bbox 861 1206 1193 1263; x_wconf 85' lang='lat' dir='ltr'>catholicam</span> <span class='ocrx_word' id='word_1_67' title='bbox 1234 1204 1677 1280; x_wconf 81' lang='lat' dir='ltr'>prudentissime</span> <span class='ocrx_word' id='word_1_68' title='bbox 1720 1225 1784 1261; x_wconf 88' lang='lat' dir='ltr'>ac</span> <span class='ocrx_word' id='word_1_69' title='bbox 1826 1202 2037 1260; x_wconf 87' lang='lat' dir='ltr'>felicis-</span> 
     </span>
     <span class='ocr_line' id='line_1_11' title="bbox 448 1304 2036 1368; baseline -0.007 0"><span class='ocrx_word' id='word_1_70' title='bbox 448 1312 585 1368; x_wconf 87' lang='lat' dir='ltr'>sime</span> <span class='ocrx_word' id='word_1_71' title='bbox 615 1309 1064 1366; x_wconf 80' lang='lat' dir='ltr'>administratam</span> <span class='ocrx_word' id='word_1_72' title='bbox 1088 1305 1443 1363; x_wconf 88' lang='lat' dir='ltr'>laudandum</span> <span class='ocrx_word' id='word_1_73' title='bbox 1464 1324 1597 1363; x_wconf 81' lang='lat' dir='ltr'>esse</span> <span class='ocrx_word' id='word_1_74' title='bbox 1612 1314 1874 1362; x_wconf 88' lang='lat' dir='ltr'>testatur.</span> <span class='ocrx_word' id='word_1_75' title='bbox 1897 1304 2036 1359; x_wconf 89' lang='lat' dir='ltr'>Per-</span> 
     </span>
     <span class='ocr_line' id='line_1_12' title="bbox 447 1408 2038 1488; baseline -0.002 -21"><span class='ocrx_word' id='word_1_76' title='bbox 447 1411 574 1469; x_wconf 87' lang='lat' dir='ltr'>latis</span> <span class='ocrx_word' id='word_1_77' title='bbox 622 1412 862 1467; x_wconf 86' lang='lat' dir='ltr'>Romam</span> <span class='ocrx_word' id='word_1_78' title='bbox 917 1409 1195 1488; x_wconf 86' lang='lat' dir='ltr'>ejusmodi</span> <span class='ocrx_word' id='word_1_79' title='bbox 1252 1409 1616 1482; x_wconf 69' lang='lat' dir='ltr'>testimoniis,</span> <span class='ocrx_word' id='word_1_80' title='bbox 1677 1429 1880 1486; x_wconf 77' lang='lat' dir='ltr'>magna</span> <span class='ocrx_word' id='word_1_81' title='bbox 1939 1408 2038 1464; x_wconf 89' lang='lat' dir='ltr'>lux</span> 
     </span>
     <span class='ocr_line' id='line_1_13' title="bbox 449 1511 2036 1589; baseline -0.004 -17"><span class='ocrx_word' id='word_1_82' title='bbox 449 1515 671 1572; x_wconf 88' lang='lat' dir='ltr'>oborta.</span> <span class='ocrx_word' id='word_1_83' title='bbox 717 1515 846 1573; x_wconf 90' lang='lat' dir='ltr'>Non</span> <span class='ocrx_word' id='word_1_84' title='bbox 889 1522 1080 1570; x_wconf 89' lang='lat' dir='ltr'>tamen</span> <span class='ocrx_word' id='word_1_85' title='bbox 1121 1512 1350 1569; x_wconf 92' lang='lat' dir='ltr'>omnino</span> <span class='ocrx_word' id='word_1_86' title='bbox 1398 1530 1733 1589; x_wconf 81' lang='lat' dir='ltr'>compressae</span> <span class='ocrx_word' id='word_1_87' title='bbox 1776 1511 2036 1588; x_wconf 87' lang='lat' dir='ltr'>disputa-</span> 
     </span>
     <span class='ocr_line' id='line_1_14' title="bbox 449 1610 2040 1693; baseline -0.003 -20"><span class='ocrx_word' id='word_1_88' title='bbox 449 1618 660 1689; x_wconf 84' lang='lat' dir='ltr'>tiones,</span> <span class='ocrx_word' id='word_1_89' title='bbox 710 1626 765 1674; x_wconf 93' lang='lat' dir='ltr'>et</span> <span class='ocrx_word' id='word_1_90' title='bbox 813 1617 963 1693; x_wconf 22' lang='lat' dir='ltr'>rixae,</span> <span class='ocrx_word' id='word_1_91' title='bbox 1001 1614 1366 1692; x_wconf 58' lang='lat' dir='ltr'>theologicae,</span> <span class='ocrx_word' id='word_1_92' title='bbox 1415 1633 1545 1692; x_wconf 85' lang='lat' dir='ltr'>quae</span> <span class='ocrx_word' id='word_1_93' title='bbox 1599 1632 1775 1671; x_wconf 89' lang='lat' dir='ltr'>annos</span> <span class='ocrx_word' id='word_1_94' title='bbox 1835 1610 2040 1669; x_wconf 90' lang='lat' dir='ltr'>deinde</span> 
     </span>
     <span class='ocr_line' id='line_1_15' title="bbox 451 1720 1179 1798; baseline -0.004 -22"><span class='ocrx_word' id='word_1_95' title='bbox 451 1720 772 1798; x_wconf 90' lang='lat' dir='ltr'>complures</span> <span class='ocrx_word' id='word_1_96' title='bbox 807 1728 1179 1795; x_wconf 89' lang='lat' dir='ltr'>occuparunt.</span> 
     </span>
    </p>
   </div>
   <div class='ocr_carea' id='block_1_3' title="bbox 116 1817 2039 2142">
    <p class='ocr_par' dir='ltr' id='par_1_3' title="bbox 116 1817 2039 2142">
     <span class='ocr_line' id='line_1_16' title="bbox 169 1817 2039 1897; baseline -0.003 -16"><span class='ocrx_word' id='word_1_97' title='bbox 169 1840 216 1881; x_wconf 77' lang='lat' dir='ltr'>In</span> <span class='ocrx_word' id='word_1_98' title='bbox 239 1840 414 1894; x_wconf 83' lang='lat' dir='ltr'>Mogolis</span> <span class='ocrx_word' id='word_1_99' title='bbox 616 1823 817 1881; x_wconf 88' lang='lat' dir='ltr'>Nescio</span> <span class='ocrx_word' id='word_1_100' title='bbox 859 1838 973 1897; x_wconf 90' lang='lat' dir='ltr'>quo</span> <span class='ocrx_word' id='word_1_101' title='bbox 1017 1828 1182 1896; x_wconf 89' lang='lat' dir='ltr'>pacto</span> <span class='ocrx_word' id='word_1_102' title='bbox 1225 1819 1392 1877; x_wconf 91' lang='lat' dir='ltr'>nobis</span> <span class='ocrx_word' id='word_1_103' title='bbox 1432 1817 1642 1877; x_wconf 82' lang='lat' dir='ltr'>excidit</span> <span class='ocrx_word' id='word_1_104' title='bbox 1685 1818 2039 1876; x_wconf 86' lang='lat' dir='ltr'>felicissimus</span> 
     </span>
     <span class='ocr_line' id='line_1_17' title="bbox 117 1903 414 1958; baseline -0.01 -12"><span class='ocrx_word' id='word_1_105' title='bbox 117 1905 232 1957; x_wconf 81' lang='lat' dir='ltr'>aula,</span> <span class='ocrx_word' id='word_1_106' title='bbox 289 1903 414 1958; x_wconf 78' lang='lat' dir='ltr'>regiae</span> 
     </span>
     <span class='ocr_line' id='line_1_18' title="bbox 116 1969 416 2022; baseline 0 -12"><span class='ocrx_word' id='word_1_107' title='bbox 116 1969 255 2022; x_wconf 84' lang='lat' dir='ltr'>stirpis</span> <span class='ocrx_word' id='word_1_108' title='bbox 334 1976 416 2010; x_wconf 84' lang='lat' dir='ltr'>tres</span> 
     </span>
     <span class='ocr_line' id='line_1_19' title="bbox 116 2023 2038 2102; baseline -0.006 -12"><span class='ocrx_word' id='word_1_109' title='bbox 116 2035 307 2089; x_wconf 75' lang='lat' dir='ltr'>baptizati</span> <span class='ocrx_word' id='word_1_110' title='bbox 347 2036 415 2090; x_wconf 84' lang='lat' dir='ltr'>ju·</span> <span class='ocrx_word' id='word_1_111' title='bbox 452 2039 507 2086; x_wconf 90' lang='lat' dir='ltr'>et</span> <span class='ocrx_word' id='word_1_112' title='bbox 530 2029 700 2085; x_wconf 89' lang='lat' dir='ltr'>trium</span> <span class='ocrx_word' id='word_1_113' title='bbox 729 2026 898 2102; x_wconf 75' lang='lat' dir='ltr'>regiae</span> <span class='ocrx_word' id='word_1_114' title='bbox 922 2024 1109 2101; x_wconf 90' lang='lat' dir='ltr'>stirpis</span> <span class='ocrx_word' id='word_1_115' title='bbox 1132 2024 1456 2102; x_wconf 89' lang='lat' dir='ltr'>principum</span> <span class='ocrx_word' id='word_1_116' title='bbox 1490 2023 1834 2101; x_wconf 85' lang='lat' dir='ltr'>baptismus,</span> <span class='ocrx_word' id='word_1_117' title='bbox 1869 2041 2038 2100; x_wconf 84' lang='lat' dir='ltr'>quem</span> 
     </span>
     <span class='ocr_line' id='line_1_20' title="bbox 116 2113 249 2142; baseline 0.008 -1"><span class='ocrx_word' id='word_1_118' title='bbox 116 2113 249 2142; x_wconf 70' lang='lat' dir='ltr'>Venes-</span> 
     </span>
    </p>
   </div>
   <div class='ocr_carea' id='block_1_4' title="bbox 452 1920 2037 2003">
    <p class='ocr_par' dir='ltr' id='par_1_4' title="bbox 452 1920 2037 2003">
     <span class='ocr_line' id='line_1_21' title="bbox 452 1920 2037 2003; baseline -0.004 -20"><span class='ocrx_word' id='word_1_119' title='bbox 452 1934 507 1983; x_wconf 88' lang='lat' dir='ltr'>et</span> <span class='ocrx_word' id='word_1_120' title='bbox 529 1924 946 2003; x_wconf 89' lang='lat' dir='ltr'>pulcherrimus</span> <span class='ocrx_word' id='word_1_121' title='bbox 979 1921 1235 1997; x_wconf 78' lang='lat' dir='ltr'>religioni</span> <span class='ocrx_word' id='word_1_122' title='bbox 1266 1921 1385 1979; x_wconf 89' lang='lat' dir='ltr'>dies</span> <span class='ocrx_word' id='word_1_123' title='bbox 1415 1922 1475 1977; x_wconf 94' lang='lat' dir='ltr'>in</span> <span class='ocrx_word' id='word_1_124' title='bbox 1503 1920 1742 1999; x_wconf 77' lang='lat' dir='ltr'>Mogolis</span> <span class='ocrx_word' id='word_1_125' title='bbox 1770 1922 2005 1999; x_wconf 90' lang='lat' dir='ltr'>imperio</span> <span class='ocrx_word' id='word_1_126' title='bbox 2023 1966 2037 1994; x_wconf 89' lang='lat'>,</span> 
     </span>
    </p>
   </div>
   <div class='ocr_carea' id='block_1_5' title="bbox 452 2126 2044 3340">
    <p class='ocr_par' dir='ltr' id='par_1_5' title="bbox 452 2126 2044 3340">
     <span class='ocr_line' id='line_1_22' title="bbox 452 2126 2042 2207; baseline -0.006 -17"><span class='ocrx_word' id='word_1_127' title='bbox 452 2151 600 2191; x_wconf 90' lang='lat' dir='ltr'>anno</span> <span class='ocrx_word' id='word_1_128' title='bbox 642 2149 743 2189; x_wconf 90' lang='lat' dir='ltr'>suo</span> <span class='ocrx_word' id='word_1_129' title='bbox 781 2129 1133 2207; x_wconf 68' lang='lat' dir='ltr'>praeteritum</span> <span class='ocrx_word' id='word_1_130' title='bbox 1172 2127 1265 2184; x_wconf 90' lang='lat' dir='ltr'>hic</span> <span class='ocrx_word' id='word_1_131' title='bbox 1300 2126 1652 2205; x_wconf 87' lang='lat' dir='ltr'>reponimus,</span> <span class='ocrx_word' id='word_1_132' title='bbox 1693 2144 2042 2203; x_wconf 89' lang='lat' dir='ltr'>quamquam</span> 
     </span>
     <span class='ocr_line' id='line_1_23' title="bbox 452 2228 2035 2314; baseline -0.008 -20"><span class='ocrx_word' id='word_1_133' title='bbox 452 2234 707 2314; x_wconf 88' lang='lat' dir='ltr'>ejusdem</span> <span class='ocrx_word' id='word_1_134' title='bbox 749 2232 969 2290; x_wconf 89' lang='lat' dir='ltr'>fructus</span> <span class='ocrx_word' id='word_1_135' title='bbox 1003 2230 1076 2287; x_wconf 85' lang='lat' dir='ltr'>ad</span> <span class='ocrx_word' id='word_1_136' title='bbox 1108 2229 1263 2288; x_wconf 91' lang='lat' dir='ltr'>hunc</span> <span class='ocrx_word' id='word_1_137' title='bbox 1299 2230 1466 2288; x_wconf 91' lang='lat' dir='ltr'>etiam</span> <span class='ocrx_word' id='word_1_138' title='bbox 1496 2248 1709 2287; x_wconf 86' lang='lat' dir='ltr'>annum</span> <span class='ocrx_word' id='word_1_139' title='bbox 1737 2228 2035 2306; x_wconf 90' lang='lat' dir='ltr'>pertineat.</span> 
     </span>
     <span class='ocr_line' id='line_1_24' title="bbox 452 2330 2041 2417; baseline -0.006 -20"><span class='ocrx_word' id='word_1_140' title='bbox 452 2340 762 2417; x_wconf 88' lang='lat' dir='ltr'>Imperator</span> <span class='ocrx_word' id='word_1_141' title='bbox 789 2345 901 2394; x_wconf 86' lang='lat' dir='ltr'>tres</span> <span class='ocrx_word' id='word_1_142' title='bbox 938 2334 1125 2393; x_wconf 87' lang='lat' dir='ltr'>fratris</span> <span class='ocrx_word' id='word_1_143' title='bbox 1157 2335 1241 2392; x_wconf 91' lang='lat' dir='ltr'>sui</span> <span class='ocrx_word' id='word_1_144' title='bbox 1271 2332 1419 2391; x_wconf 88' lang='lat' dir='ltr'>filios</span> <span class='ocrx_word' id='word_1_145' title='bbox 1442 2331 1833 2409; x_wconf 81' lang='lat' dir='ltr'>adoptaverat,</span> <span class='ocrx_word' id='word_1_146' title='bbox 1862 2330 2041 2388; x_wconf 88' lang='lat' dir='ltr'>lectis-</span> 
     </span>
     <span class='ocr_line' id='line_1_25' title="bbox 454 2431 2037 2511; baseline -0.01 -9"><span class='ocrx_word' id='word_1_147' title='bbox 454 2444 624 2502; x_wconf 88' lang='lat' dir='ltr'>simos</span> <span class='ocrx_word' id='word_1_148' title='bbox 647 2439 1052 2498; x_wconf 89' lang='lat' dir='ltr'>adolescentes.</span> <span class='ocrx_word' id='word_1_149' title='bbox 1081 2437 1289 2494; x_wconf 78' lang='lat' dir='ltr'>Vocato</span> <span class='ocrx_word' id='word_1_150' title='bbox 1313 2436 1378 2493; x_wconf 92' lang='lat' dir='ltr'>P.</span> <span class='ocrx_word' id='word_1_151' title='bbox 1407 2435 1751 2511; x_wconf 78' lang='lat' dir='ltr'>Hieronymo</span> <span class='ocrx_word' id='word_1_152' title='bbox 1775 2431 2037 2503; x_wconf 82' lang='lat' dir='ltr'>XaveriO,</span> 
     </span>
     <span class='ocr_line' id='line_1_26' title="bbox 454 2534 2041 2621; baseline -0.01 -18"><span class='ocrx_word' id='word_1_153' title='bbox 454 2548 601 2618; x_wconf 88' lang='lat' dir='ltr'>Scis,</span> <span class='ocrx_word' id='word_1_154' title='bbox 645 2545 866 2621; x_wconf 86' lang='lat' dir='ltr'>inquit,</span> <span class='ocrx_word' id='word_1_155' title='bbox 899 2541 1227 2618; x_wconf 76' lang='lat' dir='ltr'>religionem</span> <span class='ocrx_word' id='word_1_156' title='bbox 1259 2537 1633 2595; x_wconf 86' lang='lat' dir='ltr'>Christianam</span> <span class='ocrx_word' id='word_1_157' title='bbox 1665 2534 1864 2611; x_wconf 88' lang='lat' dir='ltr'>quanti</span> <span class='ocrx_word' id='word_1_158' title='bbox 1900 2551 2041 2590; x_wconf 89' lang='lat' dir='ltr'>sem-</span> 
     </span>
     <span class='ocr_line' id='line_1_27' title="bbox 453 2636 2042 2726; baseline -0.009 -21"><span class='ocrx_word' id='word_1_159' title='bbox 453 2667 556 2726; x_wconf 88' lang='lat' dir='ltr'>per</span> <span class='ocrx_word' id='word_1_160' title='bbox 586 2645 843 2718; x_wconf 82' lang='lat' dir='ltr'>fecerim,</span> <span class='ocrx_word' id='word_1_161' title='bbox 884 2653 939 2701; x_wconf 89' lang='lat' dir='ltr'>et</span> <span class='ocrx_word' id='word_1_162' title='bbox 968 2662 1097 2720; x_wconf 88' lang='lat' dir='ltr'>quae</span> <span class='ocrx_word' id='word_1_163' title='bbox 1129 2640 1382 2698; x_wconf 90' lang='lat' dir='ltr'>dederim</span> <span class='ocrx_word' id='word_1_164' title='bbox 1414 2637 1519 2695; x_wconf 88' lang='lat' dir='ltr'>tibi</span> <span class='ocrx_word' id='word_1_165' title='bbox 1547 2636 1818 2714; x_wconf 85' lang='lat' dir='ltr'>promissa</span> <span class='ocrx_word' id='word_1_166' title='bbox 1851 2657 1861 2691; x_wconf 75' lang='grc' dir='ltr'>ε</span> <span class='ocrx_word' id='word_1_167' title='bbox 1890 2653 2042 2691; x_wconf 90' lang='lat' dir='ltr'>nunc</span> 
     </span>
     <span class='ocr_line' id='line_1_28' title="bbox 455 2739 2040 2827; baseline -0.008 -20"><span class='ocrx_word' id='word_1_168' title='bbox 455 2750 552 2807; x_wconf 92' lang='lat' dir='ltr'>illa</span> <span class='ocrx_word' id='word_1_169' title='bbox 588 2748 851 2827; x_wconf 72' lang='lat' dir='ltr'>praesenti</span> <span class='ocrx_word' id='word_1_170' title='bbox 892 2748 1129 2825; x_wconf 79' lang='lat' dir='ltr'>pignore</span> <span class='ocrx_word' id='word_1_171' title='bbox 1159 2743 1423 2802; x_wconf 88' lang='lat' dir='ltr'>firmabo.</span> <span class='ocrx_word' id='word_1_172' title='bbox 1462 2741 1590 2799; x_wconf 90' lang='lat' dir='ltr'>Tibi</span> <span class='ocrx_word' id='word_1_173' title='bbox 1622 2739 1725 2798; x_wconf 89' lang='lat' dir='ltr'>hos</span> <span class='ocrx_word' id='word_1_174' title='bbox 1755 2739 2040 2815; x_wconf 89' lang='lat' dir='ltr'>Principes</span> 
     </span>
     <span class='ocr_line' id='line_1_29' title="bbox 457 2840 2044 2926; baseline -0.009 -16"><span class='ocrx_word' id='word_1_175' title='bbox 457 2853 561 2925; x_wconf 83' lang='lat' dir='ltr'>dc,</span> <span class='ocrx_word' id='word_1_176' title='bbox 599 2851 804 2910; x_wconf 88' lang='lat' dir='ltr'>Christi</span> <span class='ocrx_word' id='word_1_177' title='bbox 837 2849 960 2926; x_wconf 75' lang='lat' dir='ltr'>lege</span> <span class='ocrx_word' id='word_1_178' title='bbox 987 2846 1363 2906; x_wconf 87' lang='lat' dir='ltr'>instituendos</span> <span class='ocrx_word' id='word_1_179' title='bbox 1395 2854 1451 2903; x_wconf 92' lang='lat' dir='ltr'>et</span> <span class='ocrx_word' id='word_1_180' title='bbox 1479 2842 1874 2921; x_wconf 85' lang='lat' dir='ltr'>baptizandos.</span> <span class='ocrx_word' id='word_1_181' title='bbox 1911 2840 2044 2896; x_wconf 85' lang='lat' dir='ltr'>Gra-</span> 
     </span>
     <span class='ocr_line' id='line_1_30' title="bbox 456 2940 2041 3032; baseline -0.012 -18"><span class='ocrx_word' id='word_1_182' title='bbox 456 2957 561 3014; x_wconf 90' lang='lat' dir='ltr'>tias</span> <span class='ocrx_word' id='word_1_183' title='bbox 601 2955 714 3030; x_wconf 78' lang='lat' dir='ltr'>egit</span> <span class='ocrx_word' id='word_1_184' title='bbox 750 2953 1131 3032; x_wconf 89' lang='lat' dir='ltr'>amplissimas</span> <span class='ocrx_word' id='word_1_185' title='bbox 1166 2951 1354 3022; x_wconf 87' lang='lat' dir='ltr'>Pater,</span> <span class='ocrx_word' id='word_1_186' title='bbox 1393 2956 1450 3005; x_wconf 88' lang='lat' dir='ltr'>et</span> <span class='ocrx_word' id='word_1_187' title='bbox 1491 2946 1727 3025; x_wconf 87' lang='lat' dir='ltr'>pristina</span> <span class='ocrx_word' id='word_1_188' title='bbox 1769 2940 2041 2999; x_wconf 86' lang='lat' dir='ltr'>beneficia</span> 
     </span>
     <span class='ocr_line' id='line_1_31' title="bbox 456 3030 2044 3115; baseline -0.011 0"><span class='ocrx_word' id='word_1_189' title='bbox 456 3058 565 3115; x_wconf 93' lang='lat' dir='ltr'>hoc</span> <span class='ocrx_word' id='word_1_190' title='bbox 608 3074 723 3112; x_wconf 90' lang='lat' dir='ltr'>uno</span> <span class='ocrx_word' id='word_1_191' title='bbox 769 3055 1045 3113; x_wconf 86' lang='lat' dir='ltr'>cumulari</span> <span class='ocrx_word' id='word_1_192' title='bbox 1094 3052 1381 3112; x_wconf 87' lang='lat' dir='ltr'>confessus</span> <span class='ocrx_word' id='word_1_193' title='bbox 1411 3060 1514 3109; x_wconf 87' lang='lat' dir='ltr'>est.</span> <span class='ocrx_word' id='word_1_194' title='bbox 1557 3050 1700 3108; x_wconf 90' lang='lat' dir='ltr'>Cum</span> <span class='ocrx_word' id='word_1_195' title='bbox 1743 3030 2044 3102; x_wconf 81' lang='lat' dir='ltr'>fremerent</span> 
     </span>
     <span class='ocr_line' id='line_1_32' title="bbox 458 3155 2040 3231; baseline -0.009 -13"><span class='ocrx_word' id='word_1_196' title='bbox 458 3159 861 3218; x_wconf 86' lang='lat' dir='ltr'>Mahometaui.</span> <span class='ocrx_word' id='word_1_197' title='bbox 907 3157 1057 3228; x_wconf 78' lang='lat' dir='ltr'>Quid</span> <span class='ocrx_word' id='word_1_198' title='bbox 1100 3156 1229 3229; x_wconf 88' lang='lat' dir='ltr'>fiet,</span> <span class='ocrx_word' id='word_1_199' title='bbox 1274 3155 1350 3211; x_wconf 88' lang='lat' dir='ltr'>ait</span> <span class='ocrx_word' id='word_1_200' title='bbox 1392 3155 1722 3231; x_wconf 90' lang='lat' dir='ltr'>Imperator,</span> <span class='ocrx_word' id='word_1_201' title='bbox 1777 3169 1904 3207; x_wconf 88' lang='lat' dir='ltr'>cum</span> <span class='ocrx_word' id='word_1_202' title='bbox 1951 3167 2040 3204; x_wconf 90' lang='lat' dir='ltr'>me</span> 
     </span>
     <span class='ocr_line' id='line_1_33' title="bbox 461 3254 2039 3340; baseline -0.009 -20"><span class='ocrx_word' id='word_1_203' title='bbox 461 3281 692 3340; x_wconf 89' lang='lat' dir='ltr'>quoque</span> <span class='ocrx_word' id='word_1_204' title='bbox 721 3260 1101 3320; x_wconf 87' lang='lat' dir='ltr'>Christianum</span> <span class='ocrx_word' id='word_1_205' title='bbox 1131 3256 1291 3316; x_wconf 89' lang='lat' dir='ltr'>India</span> <span class='ocrx_word' id='word_1_206' title='bbox 1322 3255 1572 3315; x_wconf 76' lang='lat' dir='ltr'>videbit?</span> <span class='ocrx_word' id='word_1_207' title='bbox 1607 3254 1753 3313; x_wconf 89' lang='lat' dir='ltr'>Tum</span> <span class='ocrx_word' id='word_1_208' title='bbox 1783 3267 2039 3331; x_wconf 90' lang='lat' dir='ltr'>proceres</span> 
     </span>
    </p>
   </div>
  </div>
 </body>
</html>
