2210 3651
512 245 786 283 ms'roRIAE
827 240 1149 281 socIETATrs
1190 246 1318 284 JESU
1331 272 1342 282 .
1635 223 1707 282 31

148 358 319 426 ficus,
361 349 580 409 satelles
615 347 780 404 Erebi
816 345 1215 422 nequissimus.
1264 345 1374 401 Sed
1418 366 1544 402 cum
1592 366 1714 404 res-

147 462 373 516 titutam
437 461 646 529 aegroto
697 449 754 506 S.
810 447 1077 525 Baptismi
1117 465 1284 523 opera
1337 444 1712 504 valetudinem

144 559 398 629 vidisset,
425 574 595 632 quam
626 551 841 609 artibus
870 550 1055 627 impiis
1079 557 1134 605 et
1154 547 1434 605 veneficiis
1462 566 1717 624 reparare

144 660 499 736 nequiverat,
545 655 801 712 credidit
851 652 1167 709 admirans
1213 668 1396 726 super
1442 647 1717 704 doctrina

143 759 440 818 Domini*
490 758 741 816 Pervasit
780 757 1016 813 vicinam
1068 762 1289 830 gentem
1333 751 1504 824 fama,
1550 760 1605 808 et
1647 752 1719 808 ad
1754 762 1850 805 Act.
1875 764 1941 804 15.

141 861 438 933 Paludem,
469 880 639 937 quam
661 858 858 915 incolae
879 858 1140 933 Magnam
1165 863 1389 927 vocant,
1421 853 1521 911 ubi
1544 855 1718 911 nostri

142 965 468 1022 Sacerdotes
516 963 794 1040 triplicem
831 959 1120 1017 habebant
1163 958 1489 1030 stationem,
1522 977 1721 1015 venere

145 1086 274 1122 cum
329 1065 540 1142 ingenti
600 1065 869 1121 comitatu
925 1061 1093 1138 legati
1144 1080 1176 1116 a
1231 1068 1445 1137 septem
1495 1058 1717 1136 oppidis

139 1168 376 1246 petitum
415 1165 727 1223 Christiana
761 1183 936 1222 sacra.
979 1163 1220 1220 Deducti
1257 1162 1514 1239 paritere
1545 1160 1715 1238 sylvis

138 1277 195 1324 et
223 1268 464 1344 rupibus
502 1266 722 1341 Acagaei
764 1285 915 1323 casas
965 1286 1028 1322 ac
1070 1264 1281 1342 templa
1318 1262 1591 1321 fabricare
1626 1265 1717 1320 in-

142 1370 465 1427 stituerunt.
516 1366 826 1442 Topianam
883 1366 965 1422 illi
1019 1366 1278 1422 habitant
1326 1365 1531 1422 vallem
1589 1384 1719 1441 quae

138 1472 325 1528 leucas
378 1468 494 1525 fere
545 1467 920 1543 quadraginta
956 1474 1110 1542 patet
1159 1467 1218 1521 in
1269 1465 1715 1541 longitudinem,

140 1591 342 1629 novam
395 1568 718 1626 Gallaeciam
778 1586 994 1625 versus.
1060 1565 1215 1624 Nudi
1265 1566 1380 1624 fere
1431 1568 1646 1643 degunt
1704 1590 1715 1623 :

139 1673 350 1752 pendet
379 1693 446 1730 ex
475 1670 747 1729 umbilico
779 1679 1000 1727 tantum
1030 1648 1231 1726 lacinia
1262 1670 1498 1727 cervinae
1529 1670 1716 1748 pellis,

139 1778 250 1834 ima
296 1776 446 1834 dorsi
477 1773 720 1853 protegit
769 1782 992 1847 cortex,
1025 1771 1312 1829 interdum
1351 1771 1424 1828 ad
1466 1781 1721 1830 venusta-

140 1888 253 1936 tem
299 1877 521 1949 addita,
582 1874 770 1953 vulpis
819 1883 918 1932 aut
975 1875 1126 1932 canis
1176 1874 1380 1932 cauda.
1440 1874 1721 1932 Omnibus

139 1978 414 2056 praelongi
459 1977 669 2050 crineS,
720 1986 776 2033 et
810 1977 1143 2035 versicolore
1184 1976 1355 2033 toenia
1398 1976 1717 2032 intertexti:

140 2102 202 2139 os
264 2082 414 2138 varie
474 2080 850 2154 picturatum,
915 2079 1174 2135 membra
1232 2087 1411 2135 cetera
1473 2077 1722 2153 unguine

139 2181 335 2239 foetido
379 2179 657 2237 delibuta.
694 2180 919 2255 Sagittis
959 2187 1247 2255 pugnant,
1285 2197 1426 2255 quas
1469 2178 1721 2237 silicibus

141 2283 348 2355 acutis,
381 2282 554 2340 instar
582 2280 745 2354 ferri,
778 2290 834 2338 et
854 2299 1069 2337 veneno
1091 2280 1246 2338 illitis
1276 2289 1526 2352 armant,
1564 2280 1718 2338 clava

140 2387 298 2444 lateri
342 2382 650 2461 accingitur
693 2405 705 2440 ε
754 2381 1014 2460 Amplius
1060 2384 1313 2459 quinque
1355 2383 1529 2440 millia
1570 2384 1720 2461 bap-

137 2491 303 2548 tismo
347 2488 583 2546 lustrata
622 2487 835 2565 priscos
875 2506 1058 2545 mores
1100 2497 1406 2560 exuerunt,
1451 2496 1507 2545 et
1547 2489 1720 2565 quin-

138 2600 306 2668 genta
345 2589 715 2647 ridiculorum
763 2589 1110 2664 Numinum,
1156 2609 1285 2666 quae
1327 2589 1435 2647 sibi
1461 2590 1720 2666 quisque

138 2693 374 2764 fecerat,
420 2691 718 2750 simulacra
748 2692 808 2748 in.
850 2692 1040 2769 ignem
1085 2695 1462 2769 conjecerunt.
1504 2691 1718 2749 Tantus

139 2803 329 2852 autem
387 2794 554 2852 ardor
611 2795 822 2853 exstitit
879 2794 1136 2853 salutaris
1196 2795 1464 2853 doctrinae
1531 2796 1717 2873 perci-

138 2897 392 2973 piendae,
447 2906 511 2954 ut
556 2898 802 2974 integros
847 2897 966 2956 dies
1003 2899 1183 2975 jejuni
1227 2907 1619 2956 consumerent
1657 2898 1717 2953 in

141 2999 307 3056 sacris
335 2998 586 3072 aedibuS,
641 2998 714 3056 ad
762 3020 884 3058 eam
931 3002 1165 3058 auribus
1202 3002 1519 3078 animisque
1569 2998 1714 3056 defi-

143 3100 405 3175 gendam.
449 3101 606 3159 Idem
642 3101 808 3160 ardor
837 3102 1080 3181 populos
1116 3103 1391 3180 quosdam
1430 3123 1494 3160 ac
1528 3103 1710 3178 dyna-

143 3209 254 3259 stas
303 3205 626 3264 remotiores
673 3204 930 3283 impulit,
981 3216 1047 3264 ut
1098 3206 1335 3265 coelestis
1385 3206 1510 3262 vitae
1561 3202 1711 3280 leges
