2210 3651
505 229 777 266 ms‘romAE
817 227 1137 266 soC1ETAT13
1181 232 1331 270 JESU.
1623 214 1702 271 :23

140 340 254 403 tur,
279 330 410 406 quia
439 330 720 407 baptismo
745 332 948 388 iterum
979 331 1222 390 lustrant
1245 352 1338 390 eos
1355 377 1369 406 7
1396 337 1493 410 qui
1514 356 1705 394 recens

138 430 211 487 ab
241 439 396 503 ortu,
429 430 668 488 velante
696 433 923 489 rationis
946 452 1174 491 usuram
1194 478 1208 506 7
1241 433 1510 511 baptizati
1535 447 1664 494 sunt
1688 460 1699 494 :

137 550 464 607 persuasum
520 532 732 609 quippe
789 532 1036 609 habent,
1091 535 1371 592 neminem
1423 535 1704 612 baptismo

136 652 255 691 esse
282 635 547 692 idoneum
566 681 580 710 ‚
612 637 718 693 nisi
752 636 848 714 qui
883 637 1053 695 fidem
1093 638 1342 715 profiteri
1372 658 1473 715 per
1504 657 1562 695 se
1589 638 1707 714 ipse

133 738 329 812 possit.
370 738 575 796 Nullus
608 738 830 796 errandi
865 739 1024 812 finis7
1065 759 1192 796 cum
1229 739 1302 795 ab
1346 737 1588 796 Ecclesia
1625 759 1709 795 ca-

135 837 374 914 tholica,
435 840 1033 914 veritatisvcolumna,
1095 842 1414 899 discesseris
1473 863 1485 898 :
1536 841 1709 918 idque

133 943 497 1019 perspicuum
532 952 615 1000 est
657 944 715 998 in
749 943 886 1020 ipsis
925 962 1178 1000 errorum
1213 943 1488 1020 magistris
1510 987 1524 1016 o
1565 960 1709 1019 quos

131 1043 276 1100 inter
297 1046 591 1102 convenire
624 1044 764 1101 nihil
791 1054 995 1122 potest.
1026 1044 1222 1122 Itaque
1244 1044 1430 1102 oleum
1454 1088 1468 1117 a
1496 1052 1560 1100 ut
1583 1061 1709 1120 pro-

133 1144 324 1202 verbio
366 1146 592 1228 dicitur,
625 1156 680 1204 et
716 1166 943 1224 operam
972 1147 1221 1225 perdidit
1255 1147 1669 1206 Schmidelinus
1691 1192 1705 1221 .,

133 1244 623 1305 Concordistarum
674 1249 1121 1307 Lutheranorum
1170 1260 1387 1323 auctor,
1440 1251 1540 1327 qui
1590 1249 1711 1308 Cal-

130 1348 327 1403 vinum
392 1368 520 1403 cum
580 1348 825 1405 Luthero
888 1351 1181 1407 conciliare
1230 1351 1538 1409 nitebatur.
1608 1351 1711 1408 Ille

131 1452 485 1527 Hagenoam,
525 1450 836 1507 Germaniae
879 1452 937 1506 in
981 1451 1189 1507 Alsatia
1232 1452 1434 1507 urbem
1466 1451 1710 1509 clarissi-

131 1571 312 1625 mam,
354 1560 481 1608 ante
515 1571 690 1609 annos
718 1552 933 1629 aliquot
955 1553 1205 1629 irrepens
1228 1595 1242 1624 ,
1278 1560 1536 1609 senatum
1560 1571 1709 1608 non-

129 1653 431 1730 nullosque
479 1674 736 1732 proceres
781 1655 1273 1711 contaminaverat.
1328 1652 1707 1711 Nihilominus

130 1757 336 1814 civium
376 1776 504 1834 pars
547 1756 742 1813 melior
790 1757 849 1812 in
885 1758 1030 1814 avita
1074 1756 1339 1813 manebat
1378 1754 1523 1828 fide,
1560 1773 1704 1832 quos

129 1858 407 1932 Societas,
457 1858 593 1915 illuc
653 1858 963 1916 identidem
1015 1876 1386 1935 procurrens,
1447 1858 1506 1913 in
1559 1857 1706 1913 avita

128 1959 394 2036 religione
424 1959 814 2017 confirmabat.
855 1960 977 2017 Hoc
1007 1960 1238 2017 demum
1270 1978 1416 2016 anno
1447 1959 1707 2036 impetra-

127 2071 297 2134 runt,
338 2070 402 2116 ut
442 2061 768 2136 Hagenoam
820 2062 1110 2118 Sociorum
1151 2061 1366 2118 colonia
1405 2059 1705 2116 deducere·

127 2171 242 2235 tur,
274 2160 452 2216 futuri
483 2160 700 2235 collegii
726 2181 873 2236 spes.
908 2162 1118 2217 Eadem
1146 2180 1272 2237 spes
1303 2159 1706 2217 ostendebatur

129 2264 403 2322 Cassoviae
423 2306 437 2335 7
472 2261 579 2339 (est
609 2261 953 2339 amplissima
984 2262 1174 2319 civitas
1199 2262 1502 2338 Hungariae
1532 2281 1705 2340 supe-

127 2364 338 2443 rioris.)
369 2362 544 2421 Acciti
576 2383 677 2442 per
704 2363 975 2421 Mathiam
1010 2364 1373 2422 archiducem
1406 2366 1707 2422 conciona-

127 2476 276 2524 tores
318 2487 348 2524 e
397 2465 669 2524 Societate
722 2487 852 2524 cum
901 2466 1216 2524 litterarum
1257 2468 1701 2545 professoribuS,

129 2567 407 2625 mendacii
449 2570 731 2627 ministros
763 2570 823 2625 in
855 2568 1100 2627 latebras
1133 2569 1522 2646 compulerant
1550 2594 1560 2627 :
1596 2571 1707 2628 Sed

129 2678 250 2726 orta
305 2690 407 2747 per
461 2690 555 2729 eos
621 2671 926 2746 seditione,
988 2672 1162 2729 coacti
1219 2682 1352 2729 sunt
1396 2674 1587 2732 Patres
1648 2675 1708 2731 in

126 2771 415 2830 Poloniam
455 2772 763 2831 discedere.
810 2774 1018 2831 Parum
1051 2793 1280 2851 quoque
1309 2774 1525 2849 obfuit7
1566 2776 1706 2853 quin

127 2872 408 2931 tumultus
483 2874 771 2952 popularis
835 2895 935 2953 per
1021 2876 1329 2934 coenobitas
1399 2880 1700 2951 excitatus7

132 2973 499 3052 Flaviobrigae
560 2976 852 3054 (Bilbaum
909 2977 997 3034 alii
1062 2978 1293 3057 vocant)
1359 2988 1615 3036 evocatos
1671 2999 1700 3035 a

129 3075 336 3136 Senatu
379 3078 568 3137 Socios
609 3079 933 3158 expelleret.
977 3081 1088 3139 Sed
1117 3082 1476 3140 Provincialis
1506 3083 1700 3139 initam

129 3181 232 3237 rite
276 3184 677 3256 possessionem
724 3183 938 3262 collegii
985 3183 1201 3243 tamdiu
1238 3183 1452 3242 fortiter
1491 3183 1698 3256 tenuit⁷

1816 2062 2040 2105 Primordia

1742 2126 2006 2180 collegiorum
2024 2160 2037 2180 ‚

1743 2192 1948 2246 Hagenoae
1959 2225 1970 2245 ‚

1743 2277 1941 2319 Cassoviae
1953 2310 1964 2329 ‚

1739 2996 1862 3039 Bilbai
1885 3002 1960 3037 cte,
2014 2997 2017 3001 ’
