2210 3651
472 267 744 306 HISTORIAE
784 263 1102 304 socmTAT1s
1144 266 1293 304 seso.
1548 247 1664 308 185

110 372 337 430 cationis
392 371 571 430 aleam
617 373 819 429 iterum
870 370 1131 443 tentavit,
1184 389 1442 430 successu
1490 373 1663 430 nihilo

108 474 355 532 meliore.
403 472 474 532 At
509 475 625 531 Rex
663 472 888 530 doctore
927 490 1027 529 suo
1068 489 1125 528 se
1155 470 1333 527 multo
1363 471 1665 532 doctiorem
1701 478 1740 514 et
1760 471 1845 525 ³9³0
1865 484 1954 512 cum

1703 540 1810 589 Rege
1861 536 1989 576 fructu

109 577 457 648 existimans,
501 595 601 652 per
629 574 792 631 horas
822 575 969 651 ipsas
1000 579 1240 649 quatuor
1270 591 1398 628 cum
1429 573 1666 652 Perceyo
1703 601 1879 654 insigni:

109 676 456 753 degladiatus
486 686 587 734 est.
624 675 694 733 At
716 675 860 732 male
889 674 1158 732 multatus
1190 694 1318 731 cum
1343 675 1413 731 de
1443 686 1671 753 receptu

109 779 349 855 cogitare
390 779 678 855 coepisset,
726 778 942 834 veniam
985 776 1143 853 petiit
1182 776 1459 855 Perceyus
1497 778 1542 835 si
1580 797 1673 833 ar-

108 878 244 937 dore
288 880 612 957 disputandi
664 888 958 956 provectus
1009 887 1152 936 esset
1200 877 1451 955 longius,
1503 898 1674 955 quam

27 1056 36 1062 ,
109 978 427 1057 Magestatis
465 981 769 1038 reverentia
813 979 1053 1036 sinebat.
1102 980 1251 1052 Imo,
1298 980 1481 1056 inquit
1522 981 1672 1052 Rex,

110 1080 404 1158 placuisti,
445 1091 500 1139 et
527 1102 644 1139 rem
673 1080 819 1138 bene
849 1101 913 1137 ac
942 1079 1156 1138 fortiter
1186 1081 1438 1158 gessisti,
1473 1079 1679 1137 edixit-

112 1202 225 1258 que
260 1205 272 1240 :
313 1193 378 1240 ut
427 1184 761 1240 eximeretur
806 1182 1074 1256 vinculis,
1128 1192 1192 1240 ut
1227 1203 1297 1240 ne
1337 1183 1464 1260 quis
1503 1182 1680 1241 ullam

108 1274 217 1359 ipsi
269 1284 579 1340 molestiam
630 1283 955 1355 facesseret,
1007 1293 1071 1341 ut
1117 1283 1282 1361 plena
1343 1283 1572 1340 demum
1624 1291 1680 1340 et
1762 1322 1765 1323 ν

109 1385 325 1461 integra
365 1405 502 1462 pace
543 1383 840 1442 frueretur.
892 1386 1012 1442 Hoc
1052 1387 1219 1462 Regis
1269 1385 1450 1443 edicto
1503 1386 1679 1444 fretus

113 1505 243 1543 cum
281 1504 381 1561 per
417 1484 617 1541 urbem
659 1484 923 1557 liberius,
965 1505 1135 1561 quam
1166 1486 1448 1543 Sacerdoti
1485 1486 1680 1543 catho-

112 1585 220 1644 lico
269 1595 454 1643 tutum
490 1596 638 1659 erat,
683 1585 1094 1659 inambularet,
1154 1587 1677 1663 comprehenditur,

1715 1495 1972 1548 comprehen-

1717 1573 1784 1601 sus
1806 1560 1951 1601 iterum
1967 1590 1978 1611 ‚

114 1697 170 1746 et
204 1688 437 1745 arctiore
474 1709 645 1765 quam
675 1690 829 1766 prius
861 1688 1142 1746 clauditur
1179 1689 1461 1762 custodia,
1502 1690 1683 1766 gemi-
1758 1702 1760 1705 '

113 1797 321 1845 nantur
350 1808 516 1873 serae,
549 1790 734 1849 aditus
763 1790 834 1848 ad
865 1791 1026 1848 illum
1058 1810 1250 1848 omnes
1280 1790 1678 1851 obstruuntur.

117 1889 362 1961 Questus
412 1911 539 1948 cum
590 1893 742 1969 Rege
790 1891 1243 1950 Christianissimi
1290 1892 1457 1969 Regis
1503 1901 1687 1949 orator

116 1989 311 2047 eduxit
352 1991 512 2049 illum
548 1993 832 2066 custodia,
876 2002 1053 2070 utque
1089 2011 1349 2050 concessa
1392 1995 1688 2051 securitate

115 2088 396 2147 frueretur
442 2095 781 2171 impetravit.
838 2094 905 2151 Id
952 2095 1240 2171 aegerrime
1288 2094 1541 2152 tulerunt
1590 2097 1689 2172 qui

117 2193 221 2251 Dei
254 2193 530 2252 famulum
578 2195 846 2252 videbant
889 2197 1194 2272 quemdam
1230 2196 1447 2253 devicta
1490 2197 1692 2273 iniqui-

117 2305 233 2353 tate
263 2297 612 2374 triumphum
635 2296 1011 2354 circumferre.
1039 2296 1300 2373 Injiciunt
1327 2299 1431 2375 ipsi
1462 2317 1685 2357 manus.

119 2398 337 2455 Profert
397 2399 492 2456 ille
546 2399 716 2475 Regis
782 2398 1066 2471 edictum,
1128 2407 1183 2454 et
1240 2402 1358 2475 ejus
1415 2399 1689 2456 beneficio

121 2519 379 2557 securum
416 2518 473 2557 se
510 2499 732 2556 clamat.
779 2499 1078 2556 Affirmant
1121 2501 1337 2557 veniam
1376 2502 1691 2577 praeterito-

123 2621 253 2658 rum
280 2603 387 2678 ipsi
417 2602 634 2674 datam,
682 2621 795 2658 non
828 2622 1021 2659 eorum
1057 2623 1184 2679 quae
1219 2602 1470 2679 quotidie
1501 2611 1691 2659 contra

123 2701 274 2779 leges
329 2704 484 2779 regni
537 2713 810 2781 peccaret.
873 2704 1065 2761 Finem
1120 2705 1518 2763 altercantibus
1579 2707 1693 2763 im-

123 2807 315 2884 posuit
355 2807 581 2864 antistes
622 2807 1033 2865 Cantuariensis
1076 2806 1537 2883 denuntiavitque
1578 2808 1693 2865 Re-

127 2929 255 2987 gem
293 2909 436 2967 velle
480 2920 534 2967 et
568 2911 769 2987 jubere
805 2920 868 2967 ut
896 2909 1173 2982 exularet,
1212 2910 1497 2985 fidemque
1540 2909 1696 2966 daret

132 3030 192 3069 se
240 3033 530 3090 nunquam
578 3033 952 3071 reversurum.
1005 3012 1239 3088 Negavit
1286 3011 1561 3088 Perceyus
1611 3010 1697 3065 sui

136 3132 194 3171 se
224 3115 366 3188 juris
395 3134 541 3187 esse,
575 3115 720 3172 hano
747 3114 917 3172 fidem
949 3114 1080 3171 dare
1118 3113 1341 3170 omnino
1379 3109 1651 3168 recusavit
1679 3130 1692 3164 :

136 3213 250 3271 imo
292 3214 602 3276 rediturum
634 3237 692 3277 se
721 3217 892 3292 dixit,
930 3218 975 3277 si
1004 3217 1271 3293 juberent
1301 3217 1340 3272 ii
1364 3231 1604 3289 quorum
1639 3211 1697 3269 in

1722 2009 1761 2044 et
1781 2002 1986 2045 liberatur.
