2210 3651
550 258 676 316 224
1213 278 1454 317 EPITOME

550 384 672 442 ficis
712 382 975 441 offerunt.
1018 382 1309 441 Resalutat
1346 384 1597 457 comiter,
1642 391 1698 440 et
1730 382 1965 441 missum
2001 383 2122 458 qui-

551 484 680 543 dem
702 505 733 542 a
757 504 815 543 se
837 486 1071 542 Romam
1090 483 1370 541 Adamum
1394 483 1865 542 Archidiaconum
1888 482 2116 554 fatetur3

548 596 606 645 at
627 587 766 644 nihil
795 589 901 666 ipsi
931 586 1259 645 mandatum
1290 606 1321 642 a
1346 604 1404 643 se
1425 585 1619 660 fuisse,
1653 607 1824 664 quam
1852 596 1916 643 ut
1936 593 2124 663 ageret

547 709 677 747 cum
698 690 929 748 Summo
954 688 1224 746 Pontifice
1249 688 1321 745 de
1343 688 1699 745 concedendo
1722 688 2122 767 Hierosolymis

546 792 758 850 Sacello
803 791 1014 849 nationi
1066 790 1410 848 Nestorianae
1458 790 1517 845 in
1557 789 1679 847 aede
1722 791 1778 848 S.
1836 790 2118 868 Sepulcri,

544 895 1027 971 quemadmodum
1052 894 1257 951 Graecis
1279 938 1293 966 ,
1326 891 1603 951 Armeniis
1626 938 1640 967 ,
1675 893 1908 969 aliisque
1938 892 2122 951 Chris-

543 995 707 1053 tianis
742 997 1064 1054 nationibus
1109 1015 1433 1054 concessum
1474 1004 1611 1052 erat.
1660 995 1716 1051 Si
1763 995 1902 1072 quid
1938 995 2011 1053 ab
2054 1014 2120 1053 eo

543 1094 615 1152 de
643 1095 907 1174 religione
935 1098 1287 1176 propositum
1309 1143 1323 1170 ,
1358 1106 1455 1154 aut
1492 1105 1770 1153 mutatum
1803 1097 2027 1172 fuisset,
2059 1098 2120 1156 id

541 1197 776 1272 factum,
810 1209 872 1255 ut
900 1218 1264 1255 nummorum
1290 1199 1506 1275 aliquid
1542 1199 1878 1257 corraderet.
1908 1199 1997 1258 Ad
2018 1219 2116 1259 vos

539 1300 695 1377 quod
730 1310 977 1377 spectat,
1009 1301 1225 1377 inquit,
1258 1299 1451 1356 licebit
1481 1301 1781 1356 consistere
1811 1301 1966 1377 apud
1988 1321 2109 1375 me,

536 1400 791 1478 quandiu
834 1401 1141 1476 videbitur,
1188 1422 1534 1480 quamquam
1568 1421 1681 1459 non
1719 1404 1834 1461 sine
1865 1404 2114 1481 periculo

535 1525 567 1563 a
610 1503 1044 1575 Mahometanis,
1091 1524 1335 1581 quorum
1377 1505 1435 1560 in
1478 1503 1688 1561 ditione
1728 1525 1794 1561 ac
1842 1514 2116 1582 potestate

535 1625 732 1666 sumus
762 1628 773 1663 :
816 1606 887 1664 ad
924 1606 1249 1684 religionem
1280 1615 1419 1686 quot
1449 1606 1675 1679 attinet,
1716 1605 1856 1662 nihil
1884 1615 2115 1663 mutan-

536 1710 674 1768 dum
729 1720 828 1768 aut
876 1705 1216 1767 movendum
1279 1707 1571 1764 denuntio,
1640 1707 1723 1763 De
1779 1706 2112 1764 muneribus

533 1811 838 1869 Pontificiis
871 1809 1052 1867 factus
1091 1808 1320 1879 certior,
1359 1827 1487 1883 quae
1531 1806 1781 1864 Adamus
1818 1807 1925 1883 ipsi
1963 1806 2112 1865 defe-

530 1911 705 1969 renda
756 1918 1101 1987 sumpserat,
1146 1909 1352 1987 gratias
1394 1908 1537 1985 egit,
1583 1916 1638 1965 et
1674 1907 1972 1965 Patresde
2001 1907 2109 1964 Ro-

529 2032 712 2070 manae
762 2012 921 2071 Sedis
969 2010 1372 2090 amplitudine,
1437 2008 1622 2086 deque
1669 2010 1789 2086 ipso
1837 2008 2107 2066 Pontifice

528 2117 776 2176 Maximo
821 2116 1156 2175 disserentes
1208 2113 1362 2171 domi
1412 2132 1527 2171 suae
1575 2112 1817 2170 libenter
1864 2111 2099 2170 audivit.

522 2221 614 2278 vDe
671 2220 927 2279 Nestorio
980 2226 1036 2275 et
1091 2220 1210 2293 ejus
1266 2215 1551 2273 erroribus
1600 2215 1939 2272 mentionem
1982 2215 2104 2272 fieri

525 2344 725 2404 passus
755 2343 869 2380 non
899 2331 1002 2380 est.
1036 2318 1314 2397 Adempta
1353 2338 1479 2397 spes
1516 2320 1594 2376 rei
1628 2318 1773 2375 bene
1803 2317 2098 2395 gerendae,

525 2437 582 2486 et
622 2446 834 2506 pronus
875 2426 933 2481 in
982 2423 1243 2501 hyemem
1292 2441 1503 2495 annus,
1551 2421 1739 2478 Patres
1781 2420 1840 2475 in
1883 2419 2099 2476 Italiam

522 2530 724 2586 reverti
769 2530 1092 2602 coegerunt.
1142 2523 1506 2580 Admonitum
1559 2521 1731 2578 semel
1780 2522 2099 2598 iterumque

522 2629 818 2706 diligenter
857 2623 1227 2683 patriarcham
1263 2632 1531 2702 rogarunt
1561 2645 1571 2679 :
1600 2643 1736 2680 num
1762 2624 1901 2700 quid
1932 2625 2098 2701 signi-

519 2729 750 2787 ficatum
781 2729 1012 2785 Summo
1055 2725 1312 2783 Pontifici
1351 2725 1556 2782 vellet?
1591 2724 1822 2802 Scripsit
1855 2726 1913 2781 in
1949 2726 2095 2784 hanc

519 2829 635 2888 fere
657 2831 1009 2888 sententiam:
1030 2827 1334 2885 Plurimam
1357 2827 1582 2885 dicebat
1605 2827 1841 2886 salutem
1859 2827 2091 2885 Summo

518 2932 803 3006 Pontifici,
829 2952 999 3010 quem
1022 2931 1207 2988 verbis
1238 2930 1657 3008 perhonorificis
1687 2929 2083 3007 compellabat.

517 3034 773 3111 Negabat
811 3035 1044 3091 missum
1076 3053 1108 3088 a
1138 3051 1196 3090 se
1224 3031 1534 3105 Adamum,
1569 3042 1633 3090 ut
1664 3052 1782 3089 rem
1817 3031 1993 3089 ullam
2026 3034 2086 3088 in

516 3136 910 3196 Chaldaeorum
939 3135 1190 3192 doctrina
1217 3144 1477 3192 mutaret.
1506 3134 1762 3207 Litteras,
1789 3135 1847 3191 in
1870 3135 2081 3212 quihus

515 3238 587 3296 de
614 3237 879 3315 religione
901 3246 1178 3314 ageretur,
1211 3237 1257 3296 si
1285 3257 1425 3315 quas
1455 3236 1752 3297 obtulisset
1787 3238 2075 3310 Pontifici,
