2210 3651
431 289 703 325 HISTORIAE
745 283 1064 324 SOCIETATIS
1108 289 1258 326 JESU.
1518 270 1637 327 227

78 390 309 447 molant.
368 389 724 447 Abstinenta
767 388 1029 446 carnibus
1067 387 1202 445 feria
1254 391 1531 465 secunda7
1584 394 1643 450 in

77 493 344 550 honorem
392 492 542 548 lunae
609 513 620 547 ε
671 492 978 568 Jejunium,
1031 498 1255 566 sumpta
1303 490 1645 551 Eucharistia

77 594 213 651 solvi
239 603 460 672 putant.
501 592 790 670 Pleraeque
828 591 1153 650 ceremoniae
1183 610 1247 647 ac
1275 592 1415 649 ritus
1438 594 1605 651 iidem
1628 640 1642 668 7

76 696 174 771 qui
204 695 357 772 apud
387 695 629 753 Graecos.
666 695 889 752 Miserat
910 693 1227 771 Mengreliae
1249 713 1343 750 rex
1374 705 1644 753 oratorem

77 795 149 851 ad
184 795 370 852 aulam
410 796 850 869 Ottomanicam,
893 797 963 854 de
997 817 1132 873 pace
1160 797 1304 854 inter
1334 797 1647 875 Mengrelos

76 905 130 953 et
169 896 378 955 Turcas
422 899 838 975 componenda,
878 898 1160 975 simulque
1197 900 1520 958 Sacerdotes
1550 900 1648 958 La-

77 997 222 1055 tinos
263 1019 294 1055 a
336 999 597 1056 Patribus
647 998 1129 1076 Constantinopoli
1175 1001 1510 1077 degentibus
1552 1021 1649 1079 po-

80 1099 329 1156 stulavit.
373 1100 561 1158 Patres
613 1101 900 1158 occasione
942 1101 1072 1158 data
1121 1101 1237 1158 laeti
1279 1102 1422 1160 duos
1466 1123 1496 1159 e
1546 1122 1648 1160 suo

77 1222 311 1259 numero
363 1202 725 1279 delegerunt⁷
773 1205 871 1279 qui
918 1202 1328 1279 Mingrelanum
1373 1213 1647 1262 oratorem

75 1303 133 1358 in
156 1304 393 1379 patriam
422 1303 750 1360 redeuntem
786 1315 1172 1381 sequerentur.
1201 1307 1340 1362 Baro
1370 1306 1643 1384 SancyuS‚

77 1407 221 1482 regis
260 1406 712 1464 Christianissirni
751 1406 904 1482 apud
936 1407 1146 1465 Turcas
1180 1407 1418 1484 legatUS‚
1451 1426 1647 1464 neces-

76 1510 246 1565 sarios
277 1508 349 1564 ad
369 1507 627 1584 jacienda
649 1507 926 1564 Missionis
949 1508 1259 1565 utilissimae
1281 1507 1647 1565 fundamenta

77 1618 336 1686 sumptus
372 1609 598 1665 obtulit.
643 1608 881 1666 Profecti
911 1629 1101 1668 mense
1135 1610 1280 1666 Maio
1314 1611 1444 1665 anni
1476 1629 1641 1687 supe-

77 1714 236 1783 riorjs
279 1731 502 1769 Mncxiv
552 1732 678 1768 cum
723 1710 986 1789 praefecto
1038 1712 1304 1783 Turcic0,
1359 1711 1449 1767 cui
1497 1712 1649 1786 pacis

79 1833 206 1874 cum
236 1815 522 1892 Mingrelis
552 1814 954 1892 componendae
985 1814 1114 1870 data
1146 1833 1308 1885 cura,
1352 1822 1406 1870 et
1438 1814 1652 1890 Trape-

77 1929 302 1977 zuntem
369 1918 573 1991 delati,
640 1916 1059 1994 perhumaniter
1111 1915 1323 1991 accepti
1390 1925 1521 1972 sunt
1579 1914 1651 1971 ab

77 2022 290 2099 Ignatio
321 2019 782 2097 Archiepiscopo7
811 2018 1028 2095 collegii
1058 2018 1381 2074 Graecorum
1410 2017 1468 2072 in
1498 2016 1653 2073 Urbe

79 2123 212 2180 olim
263 2121 512 2179 alumno,
568 2121 887 2177 Invitabant
929 2120 1053 2178 illos
1098 2140 1163 2177 ac
1202 2120 1438 2177 retinere
1482 2138 1654 2176 cona-

79 2224 289 2282 bantur
337 2223 619 2296 Armeni'i‚
683 2223 950 2279 Romanae
1006 2223 1138 2280 fidei
1191 2223 1430 2281 cultores
1477 2224 1536 2278 in
1587 2223 1652 2279 iis

80 2326 221 2398 oris,
264 2334 320 2382 et
348 2325 631 2382 Societatis
667 2343 895 2401 operam
924 2324 1323 2401 implorabant.
1364 2325 1428 2382 P.
1470 2325 1653 2381 Gran-

79 2427 264 2504 gerius
308 2444 433 2499 eos,
487 2426 637 2482 bono
685 2426 870 2481 animo
919 2445 1038 2484 esse
1078 2426 1282 2502 jussit⁷
1330 2446 1499 2503 quam
1545 2444 1653 2502 po-

81 2527 369 2585 stulabant
411 2547 575 2605 opem
621 2527 939 2605 pollicitus,
990 2528 1035 2586 si
1077 2527 1411 2604 Mengrelica
1463 2527 1652 2584 Missio

82 2630 534 2687 constitueretur.
569 2629 835 2707 Egressus
867 2629 1218 2707 Trapezunte
1259 2630 1445 2688 littora
1476 2629 1654 2686 Laziae

82 2729 237 2807 legit.
284 2729 360 2786 Ea
403 2731 552 2807 regio
605 2731 1014 2808 Trapezuntem
1064 2733 1207 2789 inter
1257 2741 1311 2789 et
1360 2731 1654 2809 Georgiam

83 2833 406 2908 porrigitur.
444 2833 640 2889 Totam
669 2833 785 2891 fere
808 2833 1149 2892 Mahometes
1174 2835 1495 2912 occupavit⁷
1524 2851 1654 2889 cum

85 2944 228 2992 esset
277 2935 411 2992 olim
462 2944 578 2992 tota
628 2935 938 2993 Christiana
989 2958 1001 2993 ε
1049 2945 1305 3014 superest
1358 2934 1544 2992 adhuc
1596 2933 1654 2988 in

0 3099 5 3134 ἱ
89 3035 431 3113 quibusdam
464 3036 599 3096 locis
627 3057 832 3096 nomen
863 3038 1242 3097 Christianum
1261 3084 1275 3112 ⁷
1301 3047 1357 3095 at
1379 3038 1470 3095 vix
1492 3033 1653 3112 quid-

0 3139 9 3218 ξ
88 3157 258 3214 quam
300 3148 502 3216 praeter
540 3160 765 3199 nomen.
801 3143 954 3214 Quos
990 3145 1175 3221 potuit
1211 3143 1275 3200 P.
1318 3139 1652 3216 Grangerius

91 3239 270 3299 obiter
313 3240 537 3315 docuit,
592 3246 831 3303 maxime
881 3265 1082 3322 pueros
1139 3267 1151 3301 ε
1206 3243 1450 3302 instabat
1505 3238 1652 3297 enirn
