2210 3651
739 312 908 350 mnnx
950 310 1384 351 ALPHABETICUs.
1841 292 1957 352 281

238 412 613 461 Christianorum
635 413 881 459 fortitudo.
904 412 1014 458 216.

234 494 485 540 Tormenta
508 498 823 554 ignominiosa
846 495 1072 540 adhibita.
1095 495 1204 540 217.

233 574 481 621 Sociorum
501 582 663 622 status.
689 576 780 621 220
803 583 848 622 et
869 577 978 622 221.

233 655 510 715 Imperatori
534 658 762 702 accedunt
785 661 894 702 novi
918 657 975 702 ad
998 656 1285 701 saeviendum
1307 659 1504 702 stimuli.
1528 658 1637 704 256.

233 737 447 796 Japonici
471 740 630 783 exules
654 738 709 783 in*
726 740 1008 798 Philippinis
1028 740 1194 783 insulis
1215 739 1479 797 appellunt.
1503 740 1612 786 257.

172 817 434 864 JOANNES
458 821 539 875 111,
568 821 819 865 Lusitaniae
845 822 964 874 Rex,
991 821 1145 865 Patres
1163 821 1385 879 postulat.
1405 819 1439 864 Ι.
1465 820 1542 865 54.

235 900 350 958 Ejus
372 905 420 945 in
446 902 608 947 Socios
629 903 898 947 liberalitas.
927 901 1014 946 120
1037 909 1083 946 et
1106 916 1206 959 seq.

233 982 436 1027 Domum
459 984 780 1028 Professorum
805 991 851 1028 et
876 985 1139 1042 Collegium
1160 983 1324 1027 condit
1346 982 1627 1041 Olissipone.
1651 981 1762 1028 229.

170 1062 430 1110 JOANNES
453 1065 629 1110 Sueciae
654 1066 752 1109 Rex
772 1066 827 1109 ab
853 1067 1018 1109 haeresi
1043 1064 1334 1108 revocandus
1351 1063 1553 1108 videtur.
1577 1064 1633 1108 11.
1655 1064 1744 1109 277
1767 1069 1813 1110 et
1833 1064 1944 1113 278.

233 1146 535 1205 Legationem
559 1147 615 1190 ad
637 1146 888 1192 Summum
913 1146 1190 1191 Pontificem
1212 1148 1374 1189 mittit.
1399 1145 1508 1190 280.

229 1226 282 1272 P.
317 1227 622 1272 Possevinum
654 1229 860 1286 legatum
891 1227 1192 1271 Pontificium
1225 1226 1430 1286 benigne
1451 1226 1682 1283 admittit,
1706 1226 1787 1273 sed
1808 1227 1977 1273 condi-

295 1312 448 1354 tiones
470 1312 698 1368 proponit
720 1324 817 1354 non
836 1309 1158 1368 acceptandas.
1180 1307 1289 1353 287.

230 1390 302 1435 Ad
326 1391 585 1435 Romanam
610 1391 751 1436 fidem
774 1391 914 1436 redit.
938 1391 1046 1436 288.

231 1471 406 1517 Fratris
441 1475 512 1517 sui
546 1473 846 1531 aliorumque
879 1473 1262 1520 Lutheranorum
1282 1474 1564 1534 Principum
1596 1475 1844 1521 conatibus
1865 1490 1980 1523 con-

294 1558 464 1599 stantia
488 1555 588 1613 ejus
611 1556 932 1600 labefactatur.
956 1555 1063 1602 509.

228 1636 267 1682 A
289 1637 505 1682 Patribus
527 1639 818 1684 abalienatur
841 1653 1015 1696 eosque
1036 1653 1060 1683 a
1083 1652 1167 1684 suo
1190 1643 1447 1697 conspectu
1473 1643 1616 1683 arcet.
1635 1637 1743 1685 510.

231 1719 322 1763 Eos
340 1734 364 1763 e
385 1734 471 1762 suo
490 1734 636 1776 regno
662 1720 899 1760 discedere
920 1723 1064 1775 cogit.
1089 1719 1197 1764 525·

170 1798 433 1846 JOANNES
459 1797 551 1858 (B.)
578 1798 635 1842 de
659 1798 779 1844 Goto
802 1798 976 1856 Martyr
999 1801 1049 1841 in
1070 1798 1285 1855 Japonia.
1310 1800 1386 1842 111.
1409 1801 1499 1844 225
1524 1807 1570 1845 et
1590 1814 1689 1858 seq.

175 1881 450 1929 JONESIUS
473 1880 543 1941 (P.
568 1878 821 1940 Robertus)
842 1882 892 1924 in
911 1878 1103 1939 Anglia‚
1123 1879 1357 1939 Religioni
1381 1886 1518 1924 navat
1534 1894 1745 1940 operam.
1765 1879 1843 1926 ΙΙΙ.
1869 1880 1975 1929 192.

170 1962 370 2011 JULIUS
401 1961 493 2016 III,
525 1962 663 2006 Pont.
696 1961 815 2023 Max.
850 1960 899 2006 S.
933 1961 1237 2007 Franciscum
1267 1962 1487 2022 Borgiam
1513 1977 1727 2023 purpura
1757 1962 1979 2010 decorare

296 2048 560 2090 constituit.
586 2044 622 2089 Ι.
652 2043 741 2088 160
766 2049 812 2088 et
835 2041 942 2087 162.

229 2130 269 2174 A
290 2143 375 2173 suo
399 2129 597 2172 consilio
621 2127 678 2171 ad
701 2125 869 2186 Ignatii
891 2128 1162 2170 instantiam
1186 2124 1382 2169 desistit.
1407 2122 1514 2169 165.

230 2210 511 2257 Societatem
532 2209 798 2254 confirmat.
824 2208 930 2253 164.

229 2292 270 2338 A
290 2293 505 2337 Patribus
528 2298 723 2350 propter
745 2289 900 2336 Caroli
922 2291 959 2337 V
979 2290 1189 2335 edictum
1209 2288 1458 2333 alienatur.
1481 2287 1590 2334 259.

230 2374 577 2420 Reconciliatur
603 2387 687 2431 per
705 2372 870 2433 Ignatii
894 2372 1214 2432 prudentiam.
1237 2367 1346 2414 240.

1047 2501 1102 2558 1.

170 2628 538 2686 LABACENSE,
561 2633 612 2674 in
640 2628 874 2674 Carniolia
890 2662 902 2681 .,
927 2626 1206 2686 Collegium.
1230 2624 1308 2670 Ill.
1333 2622 1443 2671 258.

171 2713 404 2760 LAINIUS
423 2713 493 2775 (P.
517 2712 757 2775 Jacohus).
782 2713 960 2772 Ignatio
982 2711 1173 2757 Socium
1196 2722 1245 2754 se
1266 2708 1498 2768 adjungit.
1520 2706 1557 2752 Ι.
1586 2705 1660 2752 10.

235 2796 396 2841 Romae
420 2799 469 2840 in
495 2797 746 2856 Gymnasio
771 2794 1022 2854 Sapientiae
1043 2794 1196 2839 docet.
1225 2792 1300 2838 15.

234 2877 272 2923 A
296 2878 483 2923 Venetis
505 2880 787 2937 postulatur.
810 2878 889 2923 45.

230 2959 302 3005 Ad
326 2959 591 3006 Concilium
613 2960 941 3005 Tridentinum
966 2959 1022 3002 ab
1045 2957 1224 3017 Ignatio
1248 2956 1526 3002 destinatur.
1546 2953 1624 2998 77.

231 3041 552 3100 Conspicuum
575 3056 621 3086 se
646 3045 694 3085 in
718 3055 773 3085 eo
796 3042 989 3100 praebet.
1015 3039 1091 3085 87.

234 3121 377 3166 ltaliae
402 3125 542 3168 urbes
565 3137 674 3167 cum
700 3121 846 3167 Sociis
868 3123 1059 3167 excolit.
1084 3118 1190 3166 105.

234 3202 349 3260 Ejus
369 3203 596 3248 doctrinae
618 3206 915 3249 existimatio.
941 3203 1045 3249 194.

233 3284 473 3330 Eximium
498 3287 547 3328 in
571 3289 870 3343 correptione
894 3284 1181 3331 admittenda
1205 3282 1486 3329 humilitatis
1505 3277 1797 3337 exemplum.
1817 3275 1926 3324 214.

452 3367 614 3427 Tom.
664 3366 704 3424 I
713 3367 778 3426 V.
1631 3360 1713 3419 20
