2210 3651
470 236 742 275 HISTORIAE
782 233 1101 272 soc1ETAT1s
1144 238 1293 275 JESU.
1588 217 1658 274 61

110 346 184 403 ab
221 343 434 419 aliquot
462 339 749 398 mensibus
784 357 935 394 mare
972 336 1218 394 Sinicum
1263 340 1662 414 concursabat,

107 464 171 503 eo
212 442 438 500 consilio
489 441 810 498 adductam.
859 437 1165 495 Adfuturas
1208 438 1266 493 in
1303 447 1552 515 tempore
1583 460 1669 499 co-

106 547 225 624 pias
269 565 299 602 e
339 543 670 620 Philippinis
724 550 778 598 et
819 540 1074 618 Japonia.
1123 539 1257 595 Haec
1293 538 1511 614 aliaque
1546 541 1667 616 plu-

105 648 245 703 rima
312 647 418 704 sibi
480 652 760 721 comperta
821 652 877 699 et
945 640 1227 718 explorata
1290 659 1409 698 esse
1480 639 1661 696 docet.

103 748 350 806 Perculsi
401 756 553 803 metu
596 744 906 802 Mandarini
954 741 1289 813 Quantuniae
1339 739 1665 816 provinciae,

107 871 235 927 quae
263 850 513 926 proxima
545 846 774 922 collegio
798 845 1103 916 Macaensi,
1132 844 1316 920 copias
1347 850 1401 899 et
1433 851 1669 898 ceteram

105 951 241 1008 belli
267 948 666 1027 supellectilem
697 956 840 1003 terra
865 946 1116 1021 marique
1141 954 1485 1021 comparant.
1511 945 1669 1001 Cives

105 1061 414 1122 armantur,
469 1049 822 1126 geminantur
877 1047 1162 1119 excubiae,
1216 1056 1391 1123 portae
1441 1047 1671 1104 urbium

106 1152 461 1222 muniuntur,
497 1148 651 1205 velut
686 1147 845 1205 hoste
874 1151 991 1224 jam
1034 1149 1377 1205 imminente.
1422 1148 1670 1225 Impetus

103 1252 169 1309 fit
198 1254 256 1308 in
284 1252 512 1308 Patrum
544 1248 845 1321 domicilia,
879 1249 976 1325 qui
1001 1250 1091 1305 vix
1121 1249 1433 1326 periculum
1465 1250 1671 1326 effuge-

105 1362 238 1409 runt
288 1353 592 1407 amicorum
637 1350 931 1425 praesidiO,
991 1359 1046 1407 et
1091 1350 1301 1407 latendi
1352 1353 1666 1427 sagacitate.

105 1454 428 1513 Franciscus
456 1451 722 1507 Martinez
753 1470 880 1505 cum
911 1451 1173 1525 expedire
1201 1451 1392 1526 fugam
1423 1462 1672 1529 tempore

105 1556 475 1633 nequivisset,
519 1552 718 1609 morbo
767 1550 1113 1629 implicatus,
1161 1554 1376 1629 rapitur
1421 1553 1492 1609 ad
1534 1574 1673 1630 prae-

105 1658 313 1717 fectum
352 1657 511 1714 urbis
532 1700 546 1729 ,
583 1665 639 1712 et
673 1664 965 1712 accusatur
1000 1663 1288 1732 tamquam
1323 1655 1552 1712 Patrum
1591 1675 1675 1714 sa-

106 1762 298 1834 telleS,
357 1759 748 1816 Lusitanorum
811 1755 1149 1834 explorator,
1208 1756 1382 1815 hostis
1450 1758 1668 1814 Patriae.

105 1867 386 1924 Nitratum
444 1860 734 1939 pulverem
793 1859 866 1916 ab
933 1878 997 1916 eo
1063 1861 1382 1936 coemptum
1403 1904 1418 1932 ,
1484 1868 1678 1936 parata

108 1990 259 2027 arma
282 2014 297 2042 ,
325 1966 761 2043 conjurationem
794 1964 1019 2035 initam,
1053 1971 1219 2019 testes
1249 1962 1487 2039 appositi
1515 1965 1678 2038 jura-

107 2072 262 2147 tique
292 2068 644 2125 denuntiant.
673 2065 1037 2122 Mandarinus
1061 2063 1442 2121 crudelissime
1469 2082 1677 2120 caesum

105 2174 165 2230 in
201 2189 474 2228 carcerem
512 2168 736 2224 detrudi
765 2167 951 2242 jubet.
989 2166 1259 2223 Postridie
1287 2185 1512 2223 rursum
1543 2184 1678 2222 evo-

109 2283 229 2345 cat,
276 2279 586 2348 urgetque,
633 2277 698 2324 ut
740 2285 853 2323 non
896 2275 1189 2323 cunctetur
1222 2266 1293 2323 de
1328 2267 1587 2325 Patribus
1625 2276 1680 2324 et

107 2372 417 2443 Lusitanis,
462 2369 744 2446 quidquid
780 2369 946 2440 sciat,
980 2368 1214 2444 aperire.
1250 2367 1539 2426 Promissis
1570 2369 1680 2424 mi-

108 2497 207 2534 nas
250 2475 597 2532 cruciatuum
641 2471 1095 2547 gravissimorum
1127 2478 1181 2526 et
1209 2470 1362 2526 necis
1394 2469 1671 2546 adjungit.

110 2578 215 2636 Cui
252 2575 438 2633 sedate
478 2574 775 2644 MartineZ,
821 2591 879 2629 se
910 2571 1286 2628 Christianum
1309 2615 1323 2641 ,
1358 2589 1415 2627 se
1444 2569 1680 2646 Religio-

110 2700 235 2739 sum
266 2677 548 2734 Societatis
571 2675 708 2732 Jesu
730 2692 848 2730 esse
876 2672 1178 2749 respondet
1215 2693 1225 2727 :
1262 2671 1400 2727 nihil
1431 2671 1501 2728 de
1533 2690 1680 2727 com-

110 2780 359 2839 mentitia
411 2777 788 2853 conjuratione
836 2776 1151 2845 rescivisse,
1199 2774 1339 2832 nihil
1384 2774 1442 2829 in
1484 2774 1677 2850 patriae

111 2881 410 2959 perniciem
442 2878 700 2934 molitum
730 2897 982 2953 unquam
1019 2875 1208 2933 fuisse.
1249 2875 1470 2947 Quibus
1493 2874 1678 2931 verbis

114 3001 376 3041 accensus
405 2981 592 3037 furore
621 2979 899 3036 barbarus
934 2997 1175 3055 pronum
1198 2976 1355 3033 humi
1381 2976 1579 3046 sterni,
1614 2993 1677 3029 ac

115 3084 383 3142 sexcentis
421 3082 582 3139 obrui
626 3080 806 3157 plagis
847 3081 1101 3157 imperat.
1153 3079 1295 3136 Cum
1348 3077 1520 3135 emori
1566 3093 1678 3130 cer-

117 3193 302 3257 neret,
326 3183 592 3261 reportari
605 3183 774 3260 jussit
795 3183 852 3239 in
883 3201 1156 3242 carcerem
1177 3225 1191 3254 ,
1226 3183 1385 3256 cujus
1407 3179 1464 3233 in
1486 3174 1677 3231 limine
