2210 3651
200 1017 221 1039 '⁵
251 1019 356 1064 obiit
377 1035 497 1068 anno

196 1085 319 1129 1659.

195 1545 236 1582 et
251 1541 457 1587 Balduini.

537 161 614 221 70
1193 186 1434 225 EPrroME

532 294 784 344 mortuos
814 289 1148 365 composuit.
1185 290 1431 350 Carceris
1461 291 1721 351 custodes
1750 293 1912 370 pauci
1930 336 1945 365 ,
1978 291 2100 350 aliis

530 385 680 443 malo
718 387 988 463 sublatis,
1028 399 1084 448 et
1119 391 1192 448 de
1226 394 1453 469 propria
1495 393 1673 452 salute
1709 396 1884 472 magis
1928 413 2101 472 quam

531 486 604 545 de
631 489 944 548 vinctorum
977 492 1229 550 custodia
1253 493 1510 568 solliciti,
1544 515 1784 553 vacuum
1814 515 1957 573 pene
1987 513 2102 552 car-

531 607 714 647 cerem
744 592 1043 650 servabant
1071 594 1466 672 negligentius,
1492 597 1689 675 Itaque
1715 598 1903 655 locum
1935 598 2104 655 dede—

531 701 666 748 runt
688 693 973 754 catholicis
995 706 1121 755 astu
1145 698 1437 756 emittendi
1461 698 1779 758 Sacerdotis
1804 698 2103 769 carissimiz,

531 797 631 872 qui
665 816 859 855 eorum
893 817 1000 876 ope
1021 820 1122 877 per
1141 809 1363 858 noctem
1395 801 1650 879 elapsus,
1683 803 1741 858 in
1763 802 2108 879 provinciam

530 897 965 960 Leicestrensem
1007 904 1259 976 transiit,
1299 904 1400 961 ubi
1438 923 1616 963 annos
1653 903 1972 982 complures
2000 922 2107 980 pa-

530 1001 652 1058 triae
671 1003 941 1080 juvandae
971 1003 1206 1062 feliciter
1245 1005 1544 1083 impendit.
1570 1005 1598 1032 *
1627 1007 1797 1085 Regis
1841 1006 2107 1064 satellites

531 1111 587 1161 et
614 1104 927 1164 administri
959 1126 1195 1165 moerore
1226 1110 1444 1166 amissae
1474 1109 1601 1167 talis
1629 1109 1837 1187 praedae
1863 1107 2103 1179 efferati,

530 1224 654 1263 eam
697 1208 899 1265 sarcire
946 1207 1278 1265 laborarunt
1328 1210 1731 1286 investigandis
1781 1209 2110 1266 hominibus

529 1305 841 1381 Societatis.‚
873 1310 973 1385 qui
1002 1310 1247 1386 amplius
1277 1312 1687 1390 quinquaginta
1717 1333 1817 1391 per
1847 1311 2104 1390 Angliam

527 1410 705 1487 sparsi
734 1431 854 1468 rem
885 1410 1216 1469 catholicam
1247 1413 1542 1489 gerebant.

693 1512 854 1570 Unus
875 1513 932 1568 in
954 1512 1215 1571 lictorum
1239 1515 1435 1571 incidit
1454 1534 1656 1575 manus
1677 1516 1743 1574 P.
1771 1516 2109 1576 Guillelmus

524 1611 858 1672 Balduinus.
895 1615 1175 1673 Continuo
1208 1616 1451 1674 clamant
1488 1617 1754 1675 omnibus
1790 1619 2111 1675 excrucian-

525 1714 667 1773 dum
717 1716 1037 1795 supplicii53
1095 1719 1308 1797 quippe
1356 1740 1549 1794 reum,
1594 1730 1659 1778 ut
1710 1721 2106 1797 affirmabant,

525 1823 923 1898 conjurationis
947 1838 984 1880 'a
1012 1823 1218 1880 nitrato
1256 1823 1489 1901 pulvere
1519 1825 1960 1901 cognominatae7
1993 1825 2108 1882 imo

522 1921 868 1999 proditorem
898 1925 1095 2001 patriae
1127 1909 1522 1982 certissimum.
1550 1925 1732 1983 Notus
1756 1935 1874 1982 erat
1895 1925 1959 1983 P.
1987 1926 2109 1983 Bal-

525 2023 735 2084 duinus
771 2037 827 2084 et
854 2047 1024 2085 carus
1066 2026 1302 2086 Alberto
1353 2026 1657 2086 Archiduci
1693 2026 1967 2100 Austriae,
2006 2028 2107 2104 qui

524 2130 694 2188 simul
742 2141 914 2209 atque
953 2142 1183 2209 captum
1229 2130 1392 2188 illum
1439 2130 1734 2207 coguovit,
1777 2129 1997 2205 scriptis
2034 2129 2109 2185 ad

522 2252 712 2309 regem
755 2231 973 2310 Angliae
1014 2233 1170 2290 haud
1212 2233 1482 2290 mollibus
1530 2232 1761 2305 litteris,
1795 2230 2106 2309 flagitavit,

522 2342 589 2391 ut
637 2335 696 2391 in
745 2335 1000 2412 Belgium
1066 2335 1174 2393 sibi
1224 2335 1621 2392 remitteretur.
1676 2335 1938 2395 Promisit
1988 2338 2108 2395 Rex

523 2435 666 2493 nihil
715 2438 821 2514 ipsi
871 2437 1141 2495 molestiae
1193 2437 1531 2510 creandum,
1592 2447 1695 2494 aut·
1740 2439 2006 2515 periculi,
2060 2440 2107 2498 si

523 2541 863 2619 probaretur
883 2541 1172 2598 innocens.
1193 2540 1372 2598 Causa
1388 2540 1713 2597 instruitur:
1740 2539 2106 2617 proferuntur

524 2653 647 2702 acta
689 2644 1059 2702 Londinensis
1100 2643 1206 2701 fori
1249 2653 1438 2700 contra
1475 2641 1717 2700 Jesuitas
1757 2643 2101 2720 conscripta,

525 2770 594 2808 ex
628 2750 840 2828 quibus
891 2748 1201 2807 Balduinus
1253 2744 1649 2824 conjurationis
1689 2743 2106 2801 convincendus

525 2855 754 2909 omnino
784 2851 1112 2921 dicebatur3
1145 2849 1507 2907 excutiuntur
1534 2847 1718 2924 apices
1741 2845 1829 2903 vel
1851 2846 2066 2901 minimi
2087 2889 2103 2918 7

525 2964 854 3031 argumenta
877 2999 891 3027 7
957 2953 1274 3011 testimonia
1340 2953 1485 3009 inter
1541 2970 1600 3010 se
1656 2957 2096 3026 componuntur.

529 3056 655 3115 Non
685 3056 853 3112 modo
879 3057 1013 3113 certi
1041 3055 1183 3112 nihil
1215 3056 1506 3111 inventum
1527 3098 1542 3127 ‚
1575 3052 1674 3111 sed
1704 3071 1774 3108 ne
1805 3049 2102 3127 probabile

527 3159 759 3236 quidem
796 3159 863 3216 ad
905 3156 1266 3235 probandum
1308 3157 1539 3214 crimen.
1575 3152 2102 3231 ItaqueBalduinus
