2210 3651
448 217 720 261 msTomAE
763 209 1081 251 socm‘rA'ms
1125 207 1277 245 JESU.
1559 176 1633 234 69

79 327 440 393 accusationis
470 322 659 381 oblata
690 315 874 375 statim
906 317 1023 382 est,
1049 311 1431 384 juramentum
1461 297 1639 357 fideli-

82 436 228 493 tatis.
285 428 450 502 Quod
501 442 628 482 cum
678 419 875 477 acriter
922 414 1274 489 oppugnaret
1313 401 1637 477 W1²igthuS‚

82 540 471 616 'propugnante
506 524 881 602 nequicquam
911 506 1293 573 Cantuariensi
1334 502 1644 581 pseudoar-

84 637 463 713 chiepiscopo,
519 629 619 685 diu
668 621 1024 694 multumque
1067 617 1338 675 certatum
1386 609 1489 659 est.
1538 600 1647 656 Sed

87 760 217 799 cum
246 734 454 815 praesul
486 730 778 808 imperitus
806 720 949 780 nihil
976 716 1209 774 haberet
1230 755 1244 783 ,
1282 705 1438 785 quod
1467 700 1650 760 catho-

87 842 194 899 lico
227 835 510 896 Sacerdoti
533 835 839 910 opponeret
859 870 874 898 7
901 819 1173 890 convicia.
1197 814 1376 871 minas
1393 854 1406 881 7
1431 801 1652 864 vincula

89 942 359 1020 reposuit.
405 938 642 1011 Magnus
679 929 942 988 continuo
973 923 1044 980 ad
1074 919 1344 977 invictum
1373 907 1652 990 pugilem,

94 1065 126 1103 e
173 1037 555 1101 remotissimis
602 1034 767 1091 etiam
813 1028 949 1085 locis
999 1023 1178 1081 factus
1224 1025 1307 1075 est
1355 1023 1658 1070 concursus

93 1164 208 1202 non
248 1139 647 1222 gratulantium
693 1130 860 1189 modo
902 1126 1249 1206 proborum,
1302 1116 1401 1176 sed
1446 1110 1663 1170 haereti-

95 1266 289 1305 corum
337 1245 503 1302 etiam
553 1236 738 1295 doceri
801 1231 890 1289 vel
941 1229 1229 1305 disputare
1286 1216 1658 1279 studentium.

96 1346 392 1423 Wrigthus
435 1341 686 1410 comiter,
727 1344 791 1392 ut
831 1332 1082 1402 solebat7
1127 1342 1318 1384 omnes
1354 1318 1663 1395 accipiens.,

99 1449 274 1508 solem
314 1444 625 1523 perspicuae
666 1436 909 1494 veritatis
943 1428 1235 1506 ingerebat
1263 1421 1438 1480 oculis
1467 1419 1671 1475 miran-

102 1549 257 1607 tibus
286 1569 297 1605 :
324 1564 438 1624 quo
466 1543 652 1599 fructu
677 1535 843 1616 paulo
866 1541 994 1612 post
1013 1527 1361 1587 intellectum
1390 1530 1492 1578 est.
1526 1518 1672 1575 Nam

104 1670 254 1711 unus
296 1651 442 1706 inter
477 1641 754 1702 mendacii
792 1636 1085 1712 magistros
1115 1624 1511 1687 celeberrimus
1532 1663 1548 1693 7
1582 1617 1675 1674 de-

104 1752 298 1833 positis
355 1747 583 1806 honoris
647 1738 995 1816 insignibus,
1057 1742 1113 1791 et
1167 1726 1461 1806 repudiato
1518 1720 1678 1776 lauto

109 1874 281 1913 censu
296 1898 311 1926 7
335 1848 534 1930 procul
562 1847 701 1904 abiit
722 1862 852 1901 cum
874 1838 1026 1896 omni
1049 1832 1260 1892 familia
1283 1830 1341 1885 in
1364 1826 1673 1903 regionem,

110 1957 214 2015 ubi
259 1953 532 2032 regnabat
562 1947 726 2007 Fides
770 1942 1060 2002 catholica.
1117 1936 1265 1994 Alter
1299 1938 1678 2010 quaestuosam

114 2059 354 2119 ministri
389 2055 588 2114 erroris
621 2048 1022 2129 professionem
1058 2038 1245 2118 palam
1275 2033 1538 2091 abdicare
1566 2045 1682 2083 non

116 2161 416 2222 dubitavit.
471 2157 631 2213 Mitto
682 2156 972 2210 sexcentos
1014 2142 1150 2199 alios
1198 2133 1471 2194 inferioris
1511 2135 1678 2184 notae.

122 2263 344 2338 Quibus
379 2258 585 2316 auditis
626 2255 776 2325 Rex7
825 2268 954 2307 cum
994 2253 1231 2301 tortores
1269 2239 1327 2294 in
1362 2230 1691 2308 Wrigthum

122 2367 422 2426 immittere
449 2364 700 2438 pararet7
739 2354 982 2426 incoepto
1011 2359 1316 2423 parumper
1348 2334 1590 2404 destitit,
1622 2347 1694 2385 ne

121 2462 425 2547 juramenti
467 2477 690 2518 causam
721 2452 963 2532 probare
992 2442 1284 2503 tormentis
1312 2436 1454 2495 velle
1481 2432 1697 2491 videre-

129 2583 246 2642 tur,
279 2585 450 2644 quam
479 2557 786 2619 manifestis
817 2552 921 2610 niti
951 2544 1263 2606 rationibus
1299 2537 1694 2596 declaraverat.

131 2669 349 2732 Deinde
391 2663 630 2743 speravit
669 2658 817 2728 fore,
852 2664 915 2711 ut
952 2645 1300 2708 commodius
1340 2650 1394 2697 et
1427 2634 1701 2694 occultius

133 2773 342 2852 periret
388 2769 448 2824 in
490 2781 739 2832 carcere.
788 2769 1088 2834 oppressus
1138 2742 1402 2803 aerumnis
1451 2748 1506 2797 et
1540 2734 1705 2814 pesti-

137 2874 339 2944 lentia.
375 2869 463 2926 cui
487 2870 602 2943 jam
634 2873 842 2937 strages
872 2856 1086 2931 aliquot
1106 2869 1204 2928 per
1235 2843 1490 2921 Angliam
1519 2836 1706 2896 edenti

145 2973 330 3030 aditus
358 2971 416 3026 in
445 2965 854 3024 Londinensem
898 2953 1208 3014 custodiam
1238 2947 1444 3004 idcirco
1477 2947 1709 3015 negatus

147 3072 311 3131 valde
347 3090 460 3127 non
503 3077 607 3126 est.
654 3066 777 3136 Qua
819 3078 955 3119 usus
998 3054 1285 3113 occasione
1326 3047 1427 3104 Dei
1466 3038 1710 3099 famulus

148 3193 262 3232 non
291 3190 508 3250 *paucos
556 3166 760 3248 partim
807 3159 1004 3222 haeresi
1042 3152 1335 3225 liberavit,
1382 3145 1586 3226 partim
1625 3138 1717 3216 pie
