<?xml version="1.0" encoding="UTF-8"?>
<!DOCTYPE html PUBLIC "-//W3C//DTD XHTML 1.0 Transitional//EN"
    "http://www.w3.org/TR/xhtml1/DTD/xhtml1-transitional.dtd">
<html xmlns="http://www.w3.org/1999/xhtml" xml:lang="en" lang="en">
 <head>
  <title>
</title>
<meta http-equiv="Content-Type" content="text/html;charset=utf-8" />
  <meta name='ocr-system' content='tesseract 3.04.00' />
  <meta name='ocr-capabilities' content='ocr_page ocr_carea ocr_par ocr_line ocrx_word'/>
</head>
<body>
  <div class='ocr_page' id='page_1' title='image "./epitomehistoriso04jouv_0288.png"; bbox 0 0 2210 3651; ppageno 0'>
   <div class='ocr_carea' id='block_1_1' title="bbox 208 276 1450 337">
    <p class='ocr_par' dir='ltr' id='par_1_1' title="bbox 208 276 1450 337">
     <span class='ocr_line' id='line_1_1' title="bbox 208 276 1450 337; baseline -0.004 -3"><span class='ocrx_word' id='word_1_1' title='bbox 208 276 329 337; x_wconf 83' lang='lat'><strong>280</strong></span> <span class='ocrx_word' id='word_1_2' title='bbox 798 293 969 334; x_wconf 80' lang='lat' dir='ltr'><strong>INDEX</strong></span> <span class='ocrx_word' id='word_1_3' title='bbox 1013 289 1450 332; x_wconf 77' lang='lat' dir='ltr'><strong>ALPHABETICUS.</strong></span> 
     </span>
    </p>
   </div>
   <div class='ocr_carea' id='block_1_2' title="bbox 258 398 2008 1033">
    <p class='ocr_par' dir='ltr' id='par_1_2' title="bbox 264 398 721 446">
     <span class='ocr_line' id='line_1_2' title="bbox 264 398 721 446; baseline 0 -1"><span class='ocrx_word' id='word_1_4' title='bbox 264 398 452 445; x_wconf 87' lang='lat' dir='ltr'><strong>Faxibae</strong></span> <span class='ocrx_word' id='word_1_5' title='bbox 472 400 618 446; x_wconf 84' lang='lat' dir='ltr'><strong>favor.</strong></span> <span class='ocrx_word' id='word_1_6' title='bbox 644 398 721 445; x_wconf 89' lang='lat'><strong>60.</strong></span> 
     </span>
    </p>

    <p class='ocr_par' dir='ltr' id='par_1_3' title="bbox 259 477 956 526">
     <span class='ocr_line' id='line_1_3' title="bbox 259 477 956 526; baseline -0.001 -1"><span class='ocrx_word' id='word_1_7' title='bbox 259 477 578 526; x_wconf 82' lang='lat' dir='ltr'><strong>Seminarium</strong></span> <span class='ocrx_word' id='word_1_8' title='bbox 602 479 851 526; x_wconf 87' lang='lat' dir='ltr'><strong>Ozacense.</strong></span> <span class='ocrx_word' id='word_1_9' title='bbox 879 478 956 524; x_wconf 89' lang='lat'><strong>61.</strong></span> 
     </span>
    </p>

    <p class='ocr_par' dir='ltr' id='par_1_4' title="bbox 259 557 1120 621">
     <span class='ocr_line' id='line_1_4' title="bbox 259 557 1120 621; baseline -0.005 -15"><span class='ocrx_word' id='word_1_10' title='bbox 259 560 448 607; x_wconf 83' lang='lat' dir='ltr'><strong>Bonziis</strong></span> <span class='ocrx_word' id='word_1_11' title='bbox 464 564 710 608; x_wconf 90' lang='lat' dir='ltr'><strong>silentium</strong></span> <span class='ocrx_word' id='word_1_12' title='bbox 731 564 1017 621; x_wconf 79' lang='lat' dir='ltr'><strong>imponitur.</strong></span> <span class='ocrx_word' id='word_1_13' title='bbox 1043 557 1120 603; x_wconf 93' lang='lat'><strong>62.</strong></span> 
     </span>
    </p>

    <p class='ocr_par' dir='ltr' id='par_1_5' title="bbox 258 637 1678 706">
     <span class='ocr_line' id='line_1_5' title="bbox 258 637 1678 706; baseline -0.003 -16"><span class='ocrx_word' id='word_1_14' title='bbox 258 643 412 705; x_wconf 84' lang='lat' dir='ltr'><strong>Bungi</strong></span> <span class='ocrx_word' id='word_1_15' title='bbox 436 653 482 692; x_wconf 85' lang='lat' dir='ltr'><strong>et</strong></span> <span class='ocrx_word' id='word_1_16' title='bbox 505 646 696 693; x_wconf 88' lang='lat' dir='ltr'><strong>Omurae</strong></span> <span class='ocrx_word' id='word_1_17' title='bbox 717 646 897 706; x_wconf 83' lang='lat' dir='ltr'>Regum</span> <span class='ocrx_word' id='word_1_18' title='bbox 918 655 1047 690; x_wconf 88' lang='lat' dir='ltr'><strong>mors</strong></span> <span class='ocrx_word' id='word_1_19' title='bbox 1070 637 1376 699; x_wconf 85' lang='lat' dir='ltr'><strong>deploranda.</strong></span> <span class='ocrx_word' id='word_1_20' title='bbox 1401 637 1491 685; x_wconf 83' lang='grc'><strong>105</strong></span> <span class='ocrx_word' id='word_1_21' title='bbox 1513 646 1559 685; x_wconf 89' lang='lat' dir='ltr'><strong>et.</strong></span> <span class='ocrx_word' id='word_1_22' title='bbox 1580 654 1678 700; x_wconf 88' lang='lat' dir='ltr'><strong>seq.</strong></span> 
     </span>
    </p>

    <p class='ocr_par' dir='ltr' id='par_1_6' title="bbox 260 724 2008 872">
     <span class='ocr_line' id='line_1_6' title="bbox 260 724 2008 787; baseline -0.002 -17"><span class='ocrx_word' id='word_1_23' title='bbox 260 724 564 787; x_wconf 88' lang='lat' dir='ltr'><strong>Imperatoris</strong></span> <span class='ocrx_word' id='word_1_24' title='bbox 594 731 876 776; x_wconf 86' lang='lat' dir='ltr'><strong>Taicosamae</strong></span> <span class='ocrx_word' id='word_1_25' title='bbox 906 731 956 773; x_wconf 91' lang='lat' dir='ltr'><strong>in</strong></span> <span class='ocrx_word' id='word_1_26' title='bbox 986 726 1277 772; x_wconf 81' lang='lat' dir='ltr'>Christianos</span> <span class='ocrx_word' id='word_1_27' title='bbox 1302 725 1593 772; x_wconf 80' lang='lat' dir='ltr'>crudelitatis</span> <span class='ocrx_word' id='word_1_28' title='bbox 1623 729 1755 786; x_wconf 85' lang='lat' dir='ltr'><strong>origo</strong></span> <span class='ocrx_word' id='word_1_29' title='bbox 1789 732 1836 771; x_wconf 86' lang='lat' dir='ltr'><strong>et</strong></span> <span class='ocrx_word' id='word_1_30' title='bbox 1857 726 2008 771; x_wconf 91' lang='lat' dir='ltr'><strong>initia.</strong></span> 
     </span>
     <span class='ocr_line' id='line_1_7' title="bbox 323 809 604 872; baseline 0.011 -17"><span class='ocrx_word' id='word_1_31' title='bbox 323 809 412 856; x_wconf 87' lang='lat'><strong>106</strong></span> <span class='ocrx_word' id='word_1_32' title='bbox 437 819 482 857; x_wconf 88' lang='lat' dir='ltr'><strong>et</strong></span> <span class='ocrx_word' id='word_1_33' title='bbox 505 827 604 872; x_wconf 86' lang='lat' dir='ltr'><strong>seq.</strong></span> 
     </span>
    </p>

    <p class='ocr_par' dir='ltr' id='par_1_7' title="bbox 261 888 1509 941">
     <span class='ocr_line' id='line_1_8' title="bbox 261 888 1509 941; baseline -0.002 -4"><span class='ocrx_word' id='word_1_34' title='bbox 261 891 472 939; x_wconf 86' lang='lat' dir='ltr'><strong>Exilium</strong></span> <span class='ocrx_word' id='word_1_35' title='bbox 495 896 614 941; x_wconf 88' lang='lat' dir='ltr'><strong>Justi</strong></span> <span class='ocrx_word' id='word_1_36' title='bbox 639 894 888 941; x_wconf 90' lang='lat' dir='ltr'><strong>Ucondoni</strong></span> <span class='ocrx_word' id='word_1_37' title='bbox 911 898 957 936; x_wconf 93' lang='lat' dir='ltr'><strong>et</strong></span> <span class='ocrx_word' id='word_1_38' title='bbox 980 890 1191 936; x_wconf 86' lang='lat' dir='ltr'><strong>Patrum.</strong></span> <span class='ocrx_word' id='word_1_39' title='bbox 1218 888 1307 936; x_wconf 91' lang='grc'><strong>108</strong></span> <span class='ocrx_word' id='word_1_40' title='bbox 1329 895 1378 935; x_wconf 88' lang='lat' dir='ltr'><strong>et</strong></span> <span class='ocrx_word' id='word_1_41' title='bbox 1401 888 1509 937; x_wconf 92' lang='lat'><strong>109.</strong></span> 
     </span>
    </p>

    <p class='ocr_par' dir='ltr' id='par_1_8' title="bbox 259 973 1006 1033">
     <span class='ocr_line' id='line_1_9' title="bbox 259 973 1006 1033; baseline -0.003 -12"><span class='ocrx_word' id='word_1_42' title='bbox 259 973 514 1022; x_wconf 85' lang='lat' dir='ltr'><strong>Sociorum</strong></span> <span class='ocrx_word' id='word_1_43' title='bbox 536 983 700 1022; x_wconf 87' lang='lat' dir='ltr'><strong>status.</strong></span> <span class='ocrx_word' id='word_1_44' title='bbox 727 976 815 1021; x_wconf 86' lang='lat'><strong>118</strong></span> <span class='ocrx_word' id='word_1_45' title='bbox 838 981 885 1020; x_wconf 92' lang='lat' dir='ltr'><strong>et</strong></span> <span class='ocrx_word' id='word_1_46' title='bbox 904 988 1006 1033; x_wconf 90' lang='lat' dir='ltr'><strong>seq.</strong></span> 
     </span>
    </p>
   </div>
   <div class='ocr_carea' id='block_1_3' title="bbox 255 1055 2012 1195">
    <p class='ocr_par' dir='ltr' id='par_1_9' title="bbox 255 1055 2012 1195">
     <span class='ocr_line' id='line_1_10' title="bbox 262 1055 1051 1122; baseline -0.003 -20"><span class='ocrx_word' id='word_1_47' title='bbox 262 1055 519 1103; x_wconf 83' lang='lat' dir='ltr'><strong>Conversio</strong></span> <span class='ocrx_word' id='word_1_48' title='bbox 543 1058 734 1118; x_wconf 84' lang='lat' dir='ltr'><strong>Reginae</strong></span> <span class='ocrx_word' id='word_1_49' title='bbox 757 1057 920 1122; x_wconf 64' lang='lat' dir='ltr'><strong>Tangi.</strong></span> <span class='ocrx_word' id='word_1_50' title='bbox 946 1055 1051 1101; x_wconf 93' lang='lat'><strong>120.</strong></span> 
     </span>
     <span class='ocr_line' id='line_1_11' title="bbox 255 1134 2012 1195; baseline -0.001 -15"><span class='ocrx_word' id='word_1_51' title='bbox 255 1135 307 1183; x_wconf 88' lang='lat' dir='ltr'><strong>P.</strong></span> <span class='ocrx_word' id='word_1_52' title='bbox 331 1136 630 1184; x_wconf 83' lang='lat' dir='ltr'><strong>Sebastianus</strong></span> <span class='ocrx_word' id='word_1_53' title='bbox 654 1139 847 1183; x_wconf 89' lang='lat' dir='ltr'><strong>Morales</strong></span> <span class='ocrx_word' id='word_1_54' title='bbox 871 1140 1054 1195; x_wconf 91' lang='lat' dir='ltr'><strong>primus</strong></span> <span class='ocrx_word' id='word_1_55' title='bbox 1086 1134 1427 1195; x_wconf 86' lang='lat' dir='ltr'><strong>Japonensium</strong></span> <span class='ocrx_word' id='word_1_56' title='bbox 1460 1134 1722 1195; x_wconf 84' lang='lat' dir='ltr'><strong>Episcopus</strong></span> <span class='ocrx_word' id='word_1_57' title='bbox 1747 1134 2012 1194; x_wconf 83' lang='lat' dir='ltr'><strong>designatus</strong></span> 
     </span>
    </p>
   </div>
   <div class='ocr_carea' id='block_1_4' title="bbox 252 1219 1992 1692">
    <p class='ocr_par' dir='ltr' id='par_1_10' title="bbox 252 1219 1992 1692">
     <span class='ocr_line' id='line_1_12' title="bbox 321 1219 950 1265; baseline -0.003 -1"><span class='ocrx_word' id='word_1_58' title='bbox 321 1223 373 1264; x_wconf 90' lang='lat' dir='ltr'><strong>in</strong></span> <span class='ocrx_word' id='word_1_59' title='bbox 398 1223 568 1265; x_wconf 87' lang='lat' dir='ltr'><strong>itinere</strong></span> <span class='ocrx_word' id='word_1_60' title='bbox 593 1224 814 1265; x_wconf 76' lang='lat' dir='ltr'><strong>morItur.</strong></span> <span class='ocrx_word' id='word_1_61' title='bbox 843 1219 950 1263; x_wconf 90' lang='lat'><strong>121.</strong></span> 
     </span>
     <span class='ocr_line' id='line_1_13' title="bbox 257 1299 1867 1361; baseline -0.002 -14"><span class='ocrx_word' id='word_1_62' title='bbox 257 1300 449 1361; x_wconf 85' lang='lat' dir='ltr'><strong>Legatio</strong></span> <span class='ocrx_word' id='word_1_63' title='bbox 476 1301 533 1346; x_wconf 89' lang='lat' dir='ltr'><strong>ad</strong></span> <span class='ocrx_word' id='word_1_64' title='bbox 557 1302 896 1360; x_wconf 83' lang='lat' dir='ltr'><strong>Imperatorem</strong></span> <span class='ocrx_word' id='word_1_65' title='bbox 919 1315 943 1345; x_wconf 91' lang='lat' dir='ltr'><strong>a</strong></span> <span class='ocrx_word' id='word_1_66' title='bbox 966 1300 1018 1345; x_wconf 93' lang='lat' dir='ltr'><strong>P.</strong></span> <span class='ocrx_word' id='word_1_67' title='bbox 1041 1299 1302 1360; x_wconf 86' lang='lat' dir='ltr'><strong>Valignano</strong></span> <span class='ocrx_word' id='word_1_68' title='bbox 1326 1299 1563 1345; x_wconf 90' lang='lat' dir='ltr'><strong>ordinata.</strong></span> <span class='ocrx_word' id='word_1_69' title='bbox 1590 1300 1678 1346; x_wconf 81' lang='lat'><strong>155</strong></span> <span class='ocrx_word' id='word_1_70' title='bbox 1700 1306 1747 1345; x_wconf 89' lang='lat' dir='ltr'><strong>et</strong></span> <span class='ocrx_word' id='word_1_71' title='bbox 1767 1312 1867 1357; x_wconf 86' lang='lat' dir='ltr'><strong>seq.</strong></span> 
     </span>
     <span class='ocr_line' id='line_1_14' title="bbox 260 1380 858 1428; baseline 0 0"><span class='ocrx_word' id='word_1_72' title='bbox 260 1380 462 1428; x_wconf 74' lang='lat' dir='ltr'><strong>Saevitiae</strong></span> <span class='ocrx_word' id='word_1_73' title='bbox 485 1387 720 1428; x_wconf 82' lang='lat' dir='ltr'><strong>exercitae.</strong></span> <span class='ocrx_word' id='word_1_74' title='bbox 751 1382 858 1428; x_wconf 88' lang='lat'><strong>161.</strong></span> 
     </span>
     <span class='ocr_line' id='line_1_15' title="bbox 252 1461 1992 1511; baseline -0.003 -1"><span class='ocrx_word' id='word_1_75' title='bbox 252 1462 504 1510; x_wconf 86' lang='lat' dir='ltr'><strong>Sociorum</strong></span> <span class='ocrx_word' id='word_1_76' title='bbox 528 1468 579 1509; x_wconf 90' lang='lat' dir='ltr'><strong>in</strong></span> <span class='ocrx_word' id='word_1_77' title='bbox 603 1467 764 1511; x_wconf 88' lang='lat' dir='ltr'><strong>labore</strong></span> <span class='ocrx_word' id='word_1_78' title='bbox 785 1469 1067 1511; x_wconf 86' lang='lat' dir='ltr'><strong>constantia.</strong></span> <span class='ocrx_word' id='word_1_79' title='bbox 1091 1490 1154 1499; x_wconf 91' lang='lat'><strong>—-</strong></span> <span class='ocrx_word' id='word_1_80' title='bbox 1178 1462 1609 1510; x_wconf 84' lang='lat' dir='ltr'><strong>Franciscanorum</strong></span> <span class='ocrx_word' id='word_1_81' title='bbox 1631 1475 1860 1508; x_wconf 83' lang='lat' dir='ltr'><strong>accessus.</strong></span> <span class='ocrx_word' id='word_1_82' title='bbox 1887 1461 1992 1507; x_wconf 81' lang='lat'><strong>175.</strong></span> 
     </span>
     <span class='ocr_line' id='line_1_16' title="bbox 254 1545 1334 1595; baseline 0 -4"><span class='ocrx_word' id='word_1_83' title='bbox 254 1545 412 1591; x_wconf 86' lang='lat' dir='ltr'><strong>Patres</strong></span> <span class='ocrx_word' id='word_1_84' title='bbox 435 1553 714 1592; x_wconf 83' lang='lat' dir='ltr'><strong>mercaturae</strong></span> <span class='ocrx_word' id='word_1_85' title='bbox 737 1551 955 1592; x_wconf 60' lang='lat' dir='ltr'><strong>exercitae</strong></span> <span class='ocrx_word' id='word_1_86' title='bbox 978 1552 1199 1595; x_wconf 85' lang='lat' dir='ltr'><strong>accusati.</strong></span> <span class='ocrx_word' id='word_1_87' title='bbox 1223 1545 1334 1591; x_wconf 89' lang='lat'><strong>211.</strong></span> 
     </span>
     <span class='ocr_line' id='line_1_17' title="bbox 256 1627 1976 1692; baseline -0.002 -18"><span class='ocrx_word' id='word_1_88' title='bbox 256 1629 308 1675; x_wconf 92' lang='lat' dir='ltr'><strong>P.</strong></span> <span class='ocrx_word' id='word_1_89' title='bbox 335 1630 554 1675; x_wconf 84' lang='lat' dir='ltr'><strong>Martines</strong></span> <span class='ocrx_word' id='word_1_90' title='bbox 577 1645 727 1676; x_wconf 90' lang='lat' dir='ltr'><strong>novus</strong></span> <span class='ocrx_word' id='word_1_91' title='bbox 753 1632 1014 1690; x_wconf 88' lang='lat' dir='ltr'><strong>Episcopus</strong></span> <span class='ocrx_word' id='word_1_92' title='bbox 1039 1632 1096 1676; x_wconf 90' lang='lat' dir='ltr'><strong>ab</strong></span> <span class='ocrx_word' id='word_1_93' title='bbox 1127 1631 1422 1692; x_wconf 84' lang='lat' dir='ltr'><strong>Imperatore</strong></span> <span class='ocrx_word' id='word_1_94' title='bbox 1445 1628 1568 1673; x_wconf 88' lang='lat' dir='ltr'><strong>bene</strong></span> <span class='ocrx_word' id='word_1_95' title='bbox 1590 1630 1843 1687; x_wconf 85' lang='lat' dir='ltr'><strong>excipitur.</strong></span> <span class='ocrx_word' id='word_1_96' title='bbox 1867 1627 1976 1672; x_wconf 91' lang='lat'><strong>212.</strong></span> 
     </span>
    </p>
   </div>
   <div class='ocr_carea' id='block_1_5' title="bbox 250 1708 1987 1853">
    <p class='ocr_par' dir='ltr' id='par_1_11' title="bbox 250 1708 1987 1853">
     <span class='ocr_line' id='line_1_18' title="bbox 250 1708 1987 1774; baseline -0.003 -14"><span class='ocrx_word' id='word_1_97' title='bbox 250 1712 466 1760; x_wconf 87' lang='lat' dir='ltr'><strong>Secunda</strong></span> <span class='ocrx_word' id='word_1_98' title='bbox 489 1719 754 1774; x_wconf 88' lang='lat' dir='ltr'><strong>persecutio</strong></span> <span class='ocrx_word' id='word_1_99' title='bbox 777 1719 976 1760; x_wconf 86' lang='lat' dir='ltr'><strong>excitata</strong></span> <span class='ocrx_word' id='word_1_100' title='bbox 1000 1716 1056 1760; x_wconf 93' lang='lat' dir='ltr'><strong>ab</strong></span> <span class='ocrx_word' id='word_1_101' title='bbox 1081 1715 1370 1774; x_wconf 85' lang='lat' dir='ltr'><strong>Imperatore</strong></span> <span class='ocrx_word' id='word_1_102' title='bbox 1390 1711 1675 1756; x_wconf 86' lang='lat' dir='ltr'><strong>Taicosama.</strong></span> <span class='ocrx_word' id='word_1_103' title='bbox 1698 1708 1791 1755; x_wconf 89' lang='grc'><strong>220</strong></span> <span class='ocrx_word' id='word_1_104' title='bbox 1825 1715 1872 1755; x_wconf 87' lang='lat' dir='ltr'><strong>et</strong></span> <span class='ocrx_word' id='word_1_105' title='bbox 1888 1723 1987 1767; x_wconf 89' lang='lat' dir='ltr'><strong>seq.</strong></span> 
     </span>
     <span class='ocr_line' id='line_1_19' title="bbox 255 1790 1606 1853; baseline -0.005 -12"><span class='ocrx_word' id='word_1_106' title='bbox 255 1795 369 1841; x_wconf 90' lang='lat' dir='ltr'><strong>Tres</strong></span> <span class='ocrx_word' id='word_1_107' title='bbox 394 1795 519 1842; x_wconf 90' lang='lat' dir='ltr'><strong>Socii</strong></span> <span class='ocrx_word' id='word_1_108' title='bbox 544 1804 589 1842; x_wconf 86' lang='lat' dir='ltr'><strong>et</strong></span> <span class='ocrx_word' id='word_1_109' title='bbox 612 1798 954 1853; x_wconf 82' lang='lat' dir='ltr'><strong>Franciscanus</strong></span> <span class='ocrx_word' id='word_1_110' title='bbox 975 1807 1100 1836; x_wconf 89' lang='lat' dir='ltr'><strong>unus</strong></span> <span class='ocrx_word' id='word_1_111' title='bbox 1122 1792 1471 1851; x_wconf 79' lang='lat' dir='ltr'><strong>comprehensi.</strong></span> <span class='ocrx_word' id='word_1_112' title='bbox 1497 1790 1606 1834; x_wconf 82' lang='lat'><strong>225.</strong></span> 
     </span>
    </p>
   </div>
   <div class='ocr_carea' id='block_1_6' title="bbox 252 1874 2000 3336">
    <p class='ocr_par' dir='ltr' id='par_1_12' title="bbox 252 1874 1218 1935">
     <span class='ocr_line' id='line_1_20' title="bbox 252 1874 1218 1935; baseline -0.006 -12"><span class='ocrx_word' id='word_1_113' title='bbox 252 1876 505 1923; x_wconf 84' lang='lat' dir='ltr'><strong>Damnatio</strong></span> <span class='ocrx_word' id='word_1_114' title='bbox 529 1885 575 1922; x_wconf 86' lang='lat' dir='ltr'><strong>et</strong></span> <span class='ocrx_word' id='word_1_115' title='bbox 600 1878 910 1935; x_wconf 87' lang='lat' dir='ltr'><strong>supplicium.</strong></span> <span class='ocrx_word' id='word_1_116' title='bbox 934 1874 1024 1918; x_wconf 90' lang='lat'><strong>224</strong></span> <span class='ocrx_word' id='word_1_117' title='bbox 1049 1880 1097 1918; x_wconf 89' lang='lat' dir='ltr'><strong>et</strong></span> <span class='ocrx_word' id='word_1_118' title='bbox 1119 1887 1218 1931; x_wconf 86' lang='lat' dir='ltr'><strong>seq.</strong></span> 
     </span>
    </p>

    <p class='ocr_par' dir='ltr' id='par_1_13' title="bbox 259 1953 1252 2006">
     <span class='ocr_line' id='line_1_21' title="bbox 259 1953 1252 2006; baseline -0.007 -1"><span class='ocrx_word' id='word_1_119' title='bbox 259 1958 636 2006; x_wconf 78' lang='lat' dir='ltr'><strong>obtrectationes</strong></span> <span class='ocrx_word' id='word_1_120' title='bbox 660 1962 710 2002; x_wconf 93' lang='lat' dir='ltr'><strong>in</strong></span> <span class='ocrx_word' id='word_1_121' title='bbox 736 1958 893 2002; x_wconf 89' lang='lat' dir='ltr'><strong>Patres</strong></span> <span class='ocrx_word' id='word_1_122' title='bbox 918 1956 1117 2000; x_wconf 86' lang='lat' dir='ltr'><strong>obortae.</strong></span> <span class='ocrx_word' id='word_1_123' title='bbox 1141 1953 1252 1998; x_wconf 83' lang='lat'><strong>250.</strong></span> 
     </span>
    </p>

    <p class='ocr_par' dir='ltr' id='par_1_14' title="bbox 255 2033 1887 2097">
     <span class='ocr_line' id='line_1_22' title="bbox 255 2033 1887 2097; baseline -0.006 -12"><span class='ocrx_word' id='word_1_124' title='bbox 255 2040 309 2086; x_wconf 89' lang='grc' dir='ltr'><strong>Ρ.</strong></span> <span class='ocrx_word' id='word_1_125' title='bbox 333 2040 602 2086; x_wconf 90' lang='lat' dir='ltr'><strong>Ludovicus</strong></span> <span class='ocrx_word' id='word_1_126' title='bbox 626 2039 864 2097; x_wconf 85' lang='lat' dir='ltr'><strong>Cerquera</strong></span> <span class='ocrx_word' id='word_1_127' title='bbox 886 2038 1150 2096; x_wconf 89' lang='lat' dir='ltr'><strong>Episcopus</strong></span> <span class='ocrx_word' id='word_1_128' title='bbox 1172 2035 1461 2095; x_wconf 88' lang='lat' dir='ltr'><strong>designatur.</strong></span> <span class='ocrx_word' id='word_1_129' title='bbox 1485 2033 1594 2079; x_wconf 83' lang='lat'><strong>251.</strong></span> <span class='ocrx_word' id='word_1_130' title='bbox 1883 2092 1887 2094; x_wconf 7' lang='grc' dir='ltr'>μ</span> 
     </span>
    </p>

    <p class='ocr_par' dir='ltr' id='par_1_15' title="bbox 254 2116 1870 2179">
     <span class='ocr_line' id='line_1_23' title="bbox 254 2116 1870 2179; baseline -0.003 -12"><span class='ocrx_word' id='word_1_131' title='bbox 254 2120 429 2168; x_wconf 81' lang='lat' dir='ltr'><strong>Arimae</strong></span> <span class='ocrx_word' id='word_1_132' title='bbox 451 2121 767 2167; x_wconf 88' lang='lat' dir='ltr'><strong>Seminarium</strong></span> <span class='ocrx_word' id='word_1_133' title='bbox 796 2124 843 2164; x_wconf 86' lang='lat' dir='ltr'><strong>et</strong></span> <span class='ocrx_word' id='word_1_134' title='bbox 873 2117 1116 2164; x_wconf 83' lang='lat' dir='ltr'><strong>Amacusae</strong></span> <span class='ocrx_word' id='word_1_135' title='bbox 1141 2116 1405 2179; x_wconf 84' lang='lat' dir='ltr'><strong>Collegium</strong></span> <span class='ocrx_word' id='word_1_136' title='bbox 1429 2117 1732 2164; x_wconf 86' lang='lat' dir='ltr'><strong>deseruntur.</strong></span> <span class='ocrx_word' id='word_1_137' title='bbox 1750 2118 1870 2164; x_wconf 89' lang='lat' dir='ltr'><strong>lbid.</strong></span> 
     </span>
    </p>

    <p class='ocr_par' dir='ltr' id='par_1_16' title="bbox 258 2201 878 2250">
     <span class='ocr_line' id='line_1_24' title="bbox 258 2201 878 2250; baseline -0.008 0"><span class='ocrx_word' id='word_1_138' title='bbox 258 2203 542 2250; x_wconf 88' lang='lat' dir='ltr'><strong>Taicosamae</strong></span> <span class='ocrx_word' id='word_1_139' title='bbox 564 2204 739 2249; x_wconf 91' lang='lat' dir='ltr'><strong>obitus.</strong></span> <span class='ocrx_word' id='word_1_140' title='bbox 766 2201 878 2248; x_wconf 82' lang='lat'><strong>252.</strong></span> 
     </span>
    </p>

    <p class='ocr_par' dir='ltr' id='par_1_17' title="bbox 254 2281 1202 2346">
     <span class='ocr_line' id='line_1_25' title="bbox 254 2281 1202 2346; baseline -0.004 -15"><span class='ocrx_word' id='word_1_141' title='bbox 254 2285 515 2346; x_wconf 79' lang='lat' dir='ltr'><strong>Religionis</strong></span> <span class='ocrx_word' id='word_1_142' title='bbox 539 2285 709 2330; x_wconf 86' lang='lat' dir='ltr'><strong>damna</strong></span> <span class='ocrx_word' id='word_1_143' title='bbox 732 2287 1071 2330; x_wconf 88' lang='lat' dir='ltr'><strong>resarciuntur.</strong></span> <span class='ocrx_word' id='word_1_144' title='bbox 1092 2281 1202 2329; x_wconf 87' lang='lat'><strong>269.</strong></span> 
     </span>
    </p>

    <p class='ocr_par' dir='ltr' id='par_1_18' title="bbox 257 2367 1196 2424">
     <span class='ocr_line' id='line_1_26' title="bbox 257 2367 1196 2424; baseline -0.005 -10"><span class='ocrx_word' id='word_1_145' title='bbox 257 2368 392 2416; x_wconf 88' lang='lat' dir='ltr'><strong>Civili</strong></span> <span class='ocrx_word' id='word_1_146' title='bbox 417 2370 543 2414; x_wconf 91' lang='lat' dir='ltr'><strong>bello</strong></span> <span class='ocrx_word' id='word_1_147' title='bbox 567 2369 719 2414; x_wconf 87' lang='lat' dir='ltr'><strong>clades</strong></span> <span class='ocrx_word' id='word_1_148' title='bbox 742 2370 889 2413; x_wconf 89' lang='lat' dir='ltr'><strong>illata.</strong></span> <span class='ocrx_word' id='word_1_149' title='bbox 913 2367 1003 2413; x_wconf 89' lang='lat'><strong>284</strong></span> <span class='ocrx_word' id='word_1_150' title='bbox 1028 2372 1074 2410; x_wconf 89' lang='lat' dir='ltr'><strong>et</strong></span> <span class='ocrx_word' id='word_1_151' title='bbox 1097 2380 1196 2424; x_wconf 87' lang='lat' dir='ltr'><strong>seq.</strong></span> 
     </span>
    </p>

    <p class='ocr_par' dir='ltr' id='par_1_19' title="bbox 253 2447 1911 2511">
     <span class='ocr_line' id='line_1_27' title="bbox 253 2447 1911 2511; baseline -0.002 -13"><span class='ocrx_word' id='word_1_152' title='bbox 253 2452 413 2499; x_wconf 92' lang='lat' dir='ltr'><strong>Novus</strong></span> <span class='ocrx_word' id='word_1_153' title='bbox 435 2453 695 2511; x_wconf 89' lang='lat' dir='ltr'><strong>Imperator</strong></span> <span class='ocrx_word' id='word_1_154' title='bbox 719 2452 982 2497; x_wconf 82' lang='lat' dir='ltr'><strong>Daifusama</strong></span> <span class='ocrx_word' id='word_1_155' title='bbox 1003 2452 1142 2495; x_wconf 90' lang='lat' dir='ltr'><strong>initio</strong></span> <span class='ocrx_word' id='word_1_156' title='bbox 1164 2449 1385 2508; x_wconf 84' lang='lat' dir='ltr'><strong>religioni</strong></span> <span class='ocrx_word' id='word_1_157' title='bbox 1408 2449 1560 2496; x_wconf 84' lang='lat' dir='ltr'><strong>favere</strong></span> <span class='ocrx_word' id='word_1_158' title='bbox 1579 2447 1783 2496; x_wconf 82' lang='lat' dir='ltr'><strong>videtur.</strong></span> <span class='ocrx_word' id='word_1_159' title='bbox 1803 2449 1911 2496; x_wconf 88' lang='lat'><strong>299.</strong></span> 
     </span>
    </p>

    <p class='ocr_par' dir='ltr' id='par_1_20' title="bbox 257 2531 1300 2594">
     <span class='ocr_line' id='line_1_28' title="bbox 257 2531 1300 2594; baseline -0.005 -13"><span class='ocrx_word' id='word_1_160' title='bbox 257 2535 606 2581; x_wconf 83' lang='lat' dir='ltr'><strong>Benevolentiae</strong></span> <span class='ocrx_word' id='word_1_161' title='bbox 629 2536 731 2594; x_wconf 90' lang='lat' dir='ltr'><strong>ejus</strong></span> <span class='ocrx_word' id='word_1_162' title='bbox 754 2536 951 2581; x_wconf 81' lang='lat' dir='ltr'><strong>fructus.</strong></span> <span class='ocrx_word' id='word_1_163' title='bbox 973 2534 1046 2580; x_wconf 88' lang='lat' dir='ltr'><strong>lv.</strong></span> <span class='ocrx_word' id='word_1_164' title='bbox 1071 2531 1131 2577; x_wconf 85' lang='lat'><strong>28</strong></span> <span class='ocrx_word' id='word_1_165' title='bbox 1154 2538 1200 2576; x_wconf 84' lang='lat' dir='ltr'><strong>et</strong></span> <span class='ocrx_word' id='word_1_166' title='bbox 1222 2532 1300 2577; x_wconf 92' lang='lat'><strong>29.</strong></span> 
     </span>
    </p>

    <p class='ocr_par' dir='ltr' id='par_1_21' title="bbox 254 2612 1886 2677">
     <span class='ocr_line' id='line_1_29' title="bbox 254 2612 1886 2677; baseline -0.003 -14"><span class='ocrx_word' id='word_1_167' title='bbox 254 2616 414 2663; x_wconf 87' lang='lat' dir='ltr'><strong>Animi</strong></span> <span class='ocrx_word' id='word_1_168' title='bbox 440 2621 640 2662; x_wconf 81' lang='lat' dir='ltr'><strong>mutatio</strong></span> <span class='ocrx_word' id='word_1_169' title='bbox 663 2625 859 2677; x_wconf 84' lang='lat' dir='ltr'><strong>propter</strong></span> <span class='ocrx_word' id='word_1_170' title='bbox 881 2631 1018 2663; x_wconf 87' lang='lat' dir='ltr'><strong>voces</strong></span> <span class='ocrx_word' id='word_1_171' title='bbox 1042 2614 1390 2660; x_wconf 89' lang='lat' dir='ltr'><strong>inconsiderate</strong></span> <span class='ocrx_word' id='word_1_172' title='bbox 1414 2614 1636 2673; x_wconf 88' lang='lat' dir='ltr'><strong>prolatas.</strong></span> <span class='ocrx_word' id='word_1_173' title='bbox 1657 2612 1718 2660; x_wconf 87' lang='lat'><strong>40</strong></span> <span class='ocrx_word' id='word_1_174' title='bbox 1740 2621 1786 2660; x_wconf 91' lang='lat' dir='ltr'><strong>et</strong></span> <span class='ocrx_word' id='word_1_175' title='bbox 1808 2615 1886 2660; x_wconf 91' lang='lat'><strong>41.</strong></span> 
     </span>
    </p>

    <p class='ocr_par' dir='ltr' id='par_1_22' title="bbox 258 2696 1120 2746">
     <span class='ocr_line' id='line_1_30' title="bbox 258 2696 1120 2746; baseline -0.005 -1"><span class='ocrx_word' id='word_1_176' title='bbox 258 2698 388 2745; x_wconf 88' lang='lat' dir='ltr'><strong>Nova</strong></span> <span class='ocrx_word' id='word_1_177' title='bbox 404 2699 746 2744; x_wconf 85' lang='lat' dir='ltr'><strong>benevolentiae</strong></span> <span class='ocrx_word' id='word_1_178' title='bbox 768 2701 1017 2746; x_wconf 86' lang='lat' dir='ltr'><strong>exhibitio.</strong></span> <span class='ocrx_word' id='word_1_179' title='bbox 1043 2696 1120 2743; x_wconf 87' lang='lat'><strong>80.</strong></span> 
     </span>
    </p>

    <p class='ocr_par' dir='ltr' id='par_1_23' title="bbox 257 2766 1106 2830">
     <span class='ocr_line' id='line_1_31' title="bbox 257 2766 1106 2830; baseline 0.005 -4"><span class='ocrx_word' id='word_1_180' title='bbox 257 2780 525 2826; x_wconf 88' lang='lat' dir='ltr'><strong>Persecutio</strong></span> <span class='ocrx_word' id='word_1_181' title='bbox 549 2789 788 2827; x_wconf 79' lang='lat' dir='ltr'><strong>renovata.</strong></span> <span class='ocrx_word' id='word_1_182' title='bbox 816 2782 904 2828; x_wconf 80' lang='grc'><strong>105</strong></span> <span class='ocrx_word' id='word_1_183' title='bbox 930 2790 977 2828; x_wconf 92' lang='lat' dir='ltr'><strong>et</strong></span> <span class='ocrx_word' id='word_1_184' title='bbox 1000 2766 1106 2830; x_wconf 90' lang='grc'>104.</span> 
     </span>
    </p>

    <p class='ocr_par' dir='ltr' id='par_1_24' title="bbox 261 2862 1322 2925">
     <span class='ocr_line' id='line_1_32' title="bbox 261 2862 1322 2925; baseline 0.002 -16"><span class='ocrx_word' id='word_1_185' title='bbox 261 2862 454 2909; x_wconf 89' lang='lat' dir='ltr'><strong>Pueruli</strong></span> <span class='ocrx_word' id='word_1_186' title='bbox 479 2863 573 2908; x_wconf 89' lang='lat' dir='ltr'><strong>duo</strong></span> <span class='ocrx_word' id='word_1_187' title='bbox 595 2870 823 2923; x_wconf 84' lang='lat' dir='ltr'><strong>martyres</strong></span> <span class='ocrx_word' id='word_1_188' title='bbox 847 2866 1017 2911; x_wconf 84' lang='lat' dir='ltr'><strong>effecti.</strong></span> <span class='ocrx_word' id='word_1_189' title='bbox 1044 2865 1131 2910; x_wconf 89' lang='lat'><strong>122</strong></span> <span class='ocrx_word' id='word_1_190' title='bbox 1154 2871 1200 2911; x_wconf 91' lang='lat' dir='ltr'><strong>et</strong></span> <span class='ocrx_word' id='word_1_191' title='bbox 1221 2880 1322 2925; x_wconf 89' lang='lat' dir='ltr'><strong>seq.</strong></span> 
     </span>
    </p>

    <p class='ocr_par' dir='ltr' id='par_1_25' title="bbox 259 2944 1926 3009">
     <span class='ocr_line' id='line_1_33' title="bbox 259 2944 1926 3009; baseline 0.001 -18"><span class='ocrx_word' id='word_1_192' title='bbox 259 2944 313 2991; x_wconf 94' lang='lat' dir='ltr'><strong>P.</strong></span> <span class='ocrx_word' id='word_1_193' title='bbox 336 2944 584 3005; x_wconf 83' lang='lat' dir='ltr'><strong>Organtini</strong></span> <span class='ocrx_word' id='word_1_194' title='bbox 606 2948 656 2989; x_wconf 91' lang='lat' dir='ltr'><strong>in</strong></span> <span class='ocrx_word' id='word_1_195' title='bbox 679 2948 882 2993; x_wconf 81' lang='lat' dir='ltr'><strong>infantes</strong></span> <span class='ocrx_word' id='word_1_196' title='bbox 904 2951 1142 3009; x_wconf 86' lang='lat' dir='ltr'><strong>expositos</strong></span> <span class='ocrx_word' id='word_1_197' title='bbox 1164 2955 1210 2994; x_wconf 85' lang='lat' dir='ltr'><strong>et</strong></span> <span class='ocrx_word' id='word_1_198' title='bbox 1233 2951 1442 3009; x_wconf 90' lang='lat' dir='ltr'><strong>leprosos</strong></span> <span class='ocrx_word' id='word_1_199' title='bbox 1463 2948 1791 2994; x_wconf 87' lang='lat' dir='ltr'><strong>beneficentia.</strong></span> <span class='ocrx_word' id='word_1_200' title='bbox 1819 2948 1926 2992; x_wconf 88' lang='grc'>124.</span> 
     </span>
    </p>

    <p class='ocr_par' dir='ltr' id='par_1_26' title="bbox 255 3027 2000 3170">
     <span class='ocr_line' id='line_1_34' title="bbox 255 3027 2000 3091; baseline 0 -18"><span class='ocrx_word' id='word_1_201' title='bbox 255 3027 479 3073; x_wconf 89' lang='lat' dir='ltr'><strong>Publicus</strong></span> <span class='ocrx_word' id='word_1_202' title='bbox 509 3029 878 3075; x_wconf 87' lang='lat' dir='ltr'><strong>christianorum</strong></span> <span class='ocrx_word' id='word_1_203' title='bbox 913 3044 1199 3091; x_wconf 89' lang='lat' dir='ltr'><strong>pomparum</strong></span> <span class='ocrx_word' id='word_1_204' title='bbox 1222 3037 1473 3090; x_wconf 90' lang='lat' dir='ltr'><strong>apparatus</strong></span> <span class='ocrx_word' id='word_1_205' title='bbox 1503 3031 1802 3091; x_wconf 82' lang='lat' dir='ltr'><strong>Imperatoris</strong></span> <span class='ocrx_word' id='word_1_206' title='bbox 1836 3029 2000 3074; x_wconf 91' lang='lat' dir='ltr'><strong>odium</strong></span> 
     </span>
     <span class='ocr_line' id='line_1_35' title="bbox 325 3110 614 3170; baseline -0.003 -15"><span class='ocrx_word' id='word_1_207' title='bbox 325 3116 480 3170; x_wconf 85' lang='lat' dir='ltr'><strong>auget.</strong></span> <span class='ocrx_word' id='word_1_208' title='bbox 507 3110 614 3155; x_wconf 79' lang='lat'><strong>151.</strong></span> 
     </span>
    </p>

    <p class='ocr_par' dir='ltr' id='par_1_27' title="bbox 263 3190 1544 3249">
     <span class='ocr_line' id='line_1_36' title="bbox 263 3190 1544 3249; baseline 0.005 -13"><span class='ocrx_word' id='word_1_209' title='bbox 263 3190 378 3249; x_wconf 80' lang='lat' dir='ltr'><strong>Ejus</strong></span> <span class='ocrx_word' id='word_1_210' title='bbox 401 3192 535 3238; x_wconf 83' lang='lat' dir='ltr'><strong>furor</strong></span> <span class='ocrx_word' id='word_1_211' title='bbox 558 3206 583 3236; x_wconf 90' lang='lat' dir='ltr'><strong>a</strong></span> <span class='ocrx_word' id='word_1_212' title='bbox 602 3192 883 3238; x_wconf 88' lang='lat' dir='ltr'><strong>Batavorum</strong></span> <span class='ocrx_word' id='word_1_213' title='bbox 905 3195 1138 3240; x_wconf 91' lang='lat' dir='ltr'><strong>navarcho</strong></span> <span class='ocrx_word' id='word_1_214' title='bbox 1163 3197 1412 3241; x_wconf 86' lang='lat' dir='ltr'><strong>excitatur.</strong></span> <span class='ocrx_word' id='word_1_215' title='bbox 1438 3196 1544 3242; x_wconf 82' lang='lat'><strong>175.</strong></span> 
     </span>
    </p>

    <p class='ocr_par' dir='ltr' id='par_1_28' title="bbox 262 3271 1414 3336">
     <span class='ocr_line' id='line_1_37' title="bbox 262 3271 1414 3336; baseline 0.004 -18"><span class='ocrx_word' id='word_1_216' title='bbox 262 3271 487 3334; x_wconf 83' lang='lat' dir='ltr'><strong>Martyres</strong></span> <span class='ocrx_word' id='word_1_217' title='bbox 510 3277 561 3319; x_wconf 90' lang='lat' dir='ltr'><strong>in</strong></span> <span class='ocrx_word' id='word_1_218' title='bbox 585 3274 746 3336; x_wconf 84' lang='lat' dir='ltr'><strong>Regno</strong></span> <span class='ocrx_word' id='word_1_219' title='bbox 770 3274 961 3323; x_wconf 85' lang='lat' dir='ltr'><strong>Arimae.</strong></span> <span class='ocrx_word' id='word_1_220' title='bbox 987 3274 1102 3335; x_wconf 79' lang='lat'><strong>176,</strong></span> <span class='ocrx_word' id='word_1_221' title='bbox 1128 3275 1216 3324; x_wconf 91' lang='lat'><strong>196</strong></span> <span class='ocrx_word' id='word_1_222' title='bbox 1238 3283 1286 3323; x_wconf 84' lang='lat' dir='ltr'><strong>et</strong></span> <span class='ocrx_word' id='word_1_223' title='bbox 1308 3278 1414 3325; x_wconf 76' lang='lat'><strong>197.</strong></span> 
     </span>
    </p>
   </div>
  </div>
 </body>
</html>
