2210 3651
462 330 734 369 msTomAE
777 324 1098 364 socmTA'ms
1142 326 1292 363 Jsssu.
1549 303 1663 361 193

101 440 337 497 maxime
372 433 688 492 audiendus
722 428 1021 488 videbatur
1062 436 1186 483 turn
1226 435 1452 502 propter
1483 434 1667 482 aucto-

95 543 349 610 ritatem,
409 546 526 594 tum
569 542 799 612 propter
848 531 1106 589 eximiam
1156 527 1556 600 eruditionem,
1613 537 1669 584 et

98 639 435 718 singularem
488 636 806 694 Indicarum
865 629 1337 690 consuetudinum
1386 630 1659 685 notitiam.

96 742 231 797 Haec
280 740 464 796 omnia
514 738 616 795 ubi
667 736 924 813 cognovit
981 731 1379 801 BellarminUS,
1434 732 1667 787 mutavit

96 850 372 914 mentem,
407 850 460 898 et
493 841 750 916 injectam
782 836 1050 893 divinitus
1077 832 1228 890 Patri
1249 830 1475 889 Nobilio
1507 850 1669 886 men-

96 952 207 999 tem
250 942 323 999 ad
361 961 561 999 novam
598 940 743 995 hanc
779 936 1114 1015 Apostolicae
1143 935 1271 992 vitae
1307 932 1544 989 formam
1575 951 1670 987 ca—

97 1043 429 1120 pessendam
471 1042 726 1117 agnovit,
772 1047 836 1096 ut
870 1059 938 1096 ex
978 1037 1232 1114 ejusdem
1273 1034 1502 1106 litteris,
1543 1052 1671 1109 quae

99 1152 317 1201 exstant
333 1187 346 1216 ,
361 1130 364 1132 ,
381 1141 729 1218 intelligitur.

262 1245 440 1302 Citius
471 1244 778 1320 composita
801 1252 886 1301 est
915 1242 1286 1299 controversia
1315 1242 1458 1298 inter
1487 1240 1674 1317 Mogo-
1782 1233 1865 1272 Pax
1902 1232 2004 1273 intei-

96 1345 218 1402 lum
275 1345 674 1421 Imperatorem
744 1353 799 1400 et
851 1343 1164 1401 Lusitanos.
1230 1342 1406 1399 Indiae
1468 1298 2007 1415 p1-0123X}1¹J,}2³,¹‡{’{01{t

103 1449 317 1506 obortis
358 1446 774 1523 suspicionibus
798 1490 812 1518 ,
859 1446 1077 1502 bellum
1119 1443 1440 1521 Mogolibus
1488 1443 1676 1520 palam
1710 1427 1854 1481 posita.

100 1551 396 1606 indixerat.
432 1549 708 1605 Funestus
733 1545 872 1603 belli
895 1565 1088 1601 rumor
1112 1554 1445 1601 mercatores
1475 1546 1676 1602 utrius·

104 1671 216 1728 que
255 1651 435 1727 gentis
476 1657 839 1707 exterruerat.
889 1646 1093 1703 Actum
1136 1645 1207 1701 de
1249 1644 1677 1721 redintegranda

104 1773 243 1830 pace
274 1762 330 1810 et
364 1748 681 1809 concordia.
723 1750 859 1807 Haec
889 1767 1021 1805 cura
1053 1747 1182 1803 data
1212 1757 1297 1804 est
1324 1748 1390 1804 P.
1423 1748 1641 1803 Piniero
1662 1792 1676 1819 ,

103 1864 159 1912 et
192 1855 532 1932 amplissima
574 1862 818 1931 potestas
869 1848 1075 1928 agendi·
1123 1869 1251 1905 cum
1303 1848 1676 1926 Imperatore,

102 1960 337 2034 ejusque
380 1956 742 2013 administris.
791 1951 1199 2009 Difficillimum
1257 1952 1576 2027 negotium,
1622 1952 1682 2007 in

104 2076 219 2134 quo
269 2057 548 2132 religionis
590 2055 946 2112 incolumitas
989 2052 1292 2129 agebatur,
1340 2053 1414 2107 ita
1459 2053 1683 2128 sapien-

102 2158 258 2215 tibus
285 2157 526 2215 consiliis
555 2157 921 2234 gubernavit,
957 2165 1021 2212 ut
1043 2153 1382 2212 satisfaceret
1405 2154 1677 2230 utrisque.

104 2261 220 2318 Pax
257 2259 611 2337 promulgata
657 2263 816 2335 cujus
856 2258 1154 2335 publicum
1207 2258 1680 2328 instrumentum,

108 2371 164 2420 et
204 2362 558 2439 Imperatoris
593 2360 803 2417 litteras
835 2359 1011 2415 Goam
1040 2359 1105 2415 P.
1138 2357 1393 2415 Pinierus
1427 2356 1678 2434 pertulit.

275 2463 463 2521 Minus
497 2482 763 2540 prospere
815 2463 1013 2519 cecidit
1061 2462 1223 2518 labor
1265 2461 1494 2517 Patrum
1538 2460 1684 2518 Nan-
1801 2484 1847 2524 ιη
1887 2485 1990 2526 Sinis

1721 2546 1875 2590 diversa
1928 2550 2020 2590 reli-

111 2565 338 2639 chione,
420 2586 548 2643 quae
620 2566 809 2622 civitas
871 2566 931 2621 in
1000 2564 1240 2642 Imperio
1304 2563 1487 2619 Sinico
1544 2562 1685 2619 fines
1721 2625 1854 2666 gioms
1878 2627 1962 2656 sors

109 2668 411 2745 provinciae
463 2667 802 2739 Quantuniae
846 2667 1088 2743 attingit.
1145 2665 1449 2742 Opiniones
1497 2682 1689 2740 super-

113 2770 373 2841 stitiosae,
409 2770 668 2845 interque
704 2778 912 2826 ceteras
950 2767 1298 2846 Pythagorea
1335 2766 1430 2824 illa
1460 2776 1687 2823 metem-

116 2870 408 2950 psychosis
438 2879 552 2926 tam
582 2870 721 2928 altas
743 2871 801 2926 in
822 2868 1035 2948 populo
1067 2868 1280 2925 radices
1306 2876 1564 2944 egerant,
1598 2866 1690 2923 vix

116 2981 181 3030 ut
213 2971 375 3030 evelli
417 2971 724 3049 potuerint.
767 2971 909 3029 Mori
954 2971 1125 3028 satius
1168 2968 1476 3046 putabant,
1518 2986 1689 3044 quam

119 3073 362 3151 pulicem
392 3073 704 3131 interficere
727 3093 798 3131 ne
826 3073 1060 3131 fortasse
1089 3080 1305 3150 patrem
1335 3072 1394 3127 in
1417 3090 1480 3127 eo
1505 3067 1689 3125 interi-

123 3186 358 3234 merent.
402 3177 682 3236 Nankami
725 3177 915 3255 fruges
955 3175 1236 3253 Evangelii
1278 3173 1564 3232 uberiores
1600 3188 1689 3224 ex-

123 3282 404 3339 stiterunt.
462 3279 640 3336 Tanta
681 3279 967 3358 voluptate
1017 3298 1080 3337 ac
1131 3276 1425 3337 securitate
1465 3268 1690 3349 perfun-

380 3399 545 3459 Tom.
595 3399 709 3457 IV.
1372 3393 1445 3451 13
