2210 3651
453 303 725 342 HrsTomAE
766 298 1087 338 socm‘rAris
1129 302 1282 341 JESU.
1543 283 1659 342 177

101 414 312 483 septem
342 414 397 462 et
425 404 773 482 septuaginta
798 401 904 481 (tot
931 402 1165 460 enimin
1197 401 1467 463 Arimensi
1489 425 1659 483 regno

98 505 344 584 stabant)
377 507 556 563 excisa
593 515 723 563 sunt
759 526 770 561 :
811 506 993 562 omnia
1028 504 1272 582 denique
1300 517 1661 565 monumenta

98 608 316 684 pietatis
344 607 609 666 abolevit.
645 607 731 665 Ad
770 617 1076 665 extremum
1119 608 1318 666 Christi
1353 608 1662 668 cultoribus

97 712 295 785 exilia,
338 723 564 782 necem,
606 709 877 790 supplicia
921 729 1021 787 per
1069 729 1380 787 praeconem
1418 728 1663 786 pronun-

97 812 272 869 tiavit.
312 811 399 869 Ad
441 811 585 868 hanc
627 811 1106 869 denuntiationem
1152 810 1458 889 neophyti,
1505 811 1662 886 quasi

100 914 231 971 dato
273 933 479 992 pugnae
528 915 720 990 signo,
773 913 1002 971 domum
1057 914 1341 971 SocietatiS
1374 913 1457 969 ad
1509 932 1664 969 arma

93 1014 576 1072 Sacramentorum
617 1015 889 1071 sumenda
932 1034 1259 1074 concurrere
1298 1017 1545 1073 certatim
1586 1038 1597 1072 ε
1630 1035 1662 1073 e

93 1114 358 1173 Patribus·
391 1115 483 1172 alii
523 1136 553 1172 a
591 1116 769 1192 prima
813 1115 938 1173 luce
980 1116 1052 1172 ad
1085 1136 1366 1194 vesperam
1399 1116 1662 1174 confiten-

91 1217 247 1276 tibus
297 1236 521 1296 operam
568 1218 731 1289 dare3
780 1217 872 1274 alii
914 1238 1243 1277 concursare
1285 1219 1562 1276 civitatem
1605 1227 1661 1276 et

95 1320 298 1378 Christi
328 1319 548 1396 pugiles
576 1320 803 1374 instanti
827 1319 1021 1395 praelio
1044 1340 1379 1397 praeparare.
1408 1320 1574 1392 Quod
1597 1327 1661 1377 ut

91 1424 294 1480 certius
343 1420 673 1496 faciliusque
719 1420 908 1492 fieret,
969 1421 1223 1478 instituta
1274 1420 1380 1477 fuit
1426 1421 1500 1477 ab
1549 1421 1659 1480 illis

89 1532 401 1599 martyrum
445 1520 734 1593 sodalitas7
782 1521 1025 1578 secunda
1072 1532 1381 1600 martyrum
1426 1523 1660 1600 posthac

87 1624 298 1680 nutrix.
333 1623 576 1680 Rescivit
603 1621 724 1679 haec
753 1620 956 1679 Arimae
988 1642 1084 1679 rex
1115 1623 1351 1699 impius⁷
1388 1632 1443 1680 et
1477 1625 1659 1683 missis

88 1723 380 1782 lictoribus
403 1724 591 1781 Patres
633 1724 791 1800 ejecit
829 1723 971 1781 urbe
1010 1723 1208 1782 Idibus
1249 1724 1284 1781 J
1291 1725 1433 1797 unii,
1473 1717 1658 1802 ¹utque

86 1826 263 1883 tutius
293 1834 547 1902 regnaret
578 1826 938 1903 saeviretque⁷
977 1824 1173 1884 fratres
1197 1823 1326 1884 suos
1357 1825 1651 1885 interfecit.

87 1930 227 2000 Quae
273 1927 482 1986 fuerint
518 1928 665 1986 edita
711 1928 1036 1986 Christianae
1071 1937 1127 1985 et
1167 1927 1405 1985 heroicae
1445 1929 1657 2006 patien-

85 2030 177 2086 tiae
193 2074 207 2101 ,
240 2028 583 2087 fortitudinis
606 2039 662 2087 et
682 2029 1005 2086 constantiae
1036 2027 1303 2084 miracula
1333 2047 1447 2084 non
1469 2029 1653 2086 solum

87 2150 118 2187 a
147 2130 278 2186 viris
309 2130 434 2187 imis
466 2132 670 2207 pariter
703 2150 767 2187 ac
804 2130 1060 2201 summis³
1088 2128 1184 2187 sed
1208 2130 1372 2185 etiam
1406 2150 1438 2186 a
1461 2131 1651 2207 pueris

86 2240 142 2290 et
176 2231 426 2302 feminis;
460 2251 564 2288 nec
597 2232 789 2307 paucis
827 2232 1062 2308 exprimi
1091 2230 1277 2288 verbis
1316 2240 1534 2307 potest⁷
1575 2230 1651 2288 ob

83 2354 271 2392 rerum
315 2332 740 2411 amplitudinem
773 2342 827 2390 et
857 2333 1183 2409 dignitatem
1205 2377 1219 2406 ⁷
1255 2352 1358 2389 nec
1389 2331 1653 2410 pluribus

82 2436 275 2494 eadem
327 2435 602 2513 explicare
651 2435 780 2492 licet
834 2444 1062 2512 propter
1110 2436 1417 2492 institutam
1470 2436 1653 2512 operis

82 2537 434 2594 brevitatem.
471 2537 740 2613 Cognosci
783 2537 999 2614 singula
1031 2547 1296 2615 poterunt
1335 2537 1362 2563 ’⁴‘
1392 2538 1651 2596 Historiae

84 2637 248 2694 Parte
270 2638 340 2710 V7
367 2657 478 2695 non
504 2639 620 2695 sine
650 2637 1018 2696 admiratione
1047 2659 1110 2695 ac
1131 2638 1300 2697 laude
1320 2638 1523 2697 divinae
1546 2641 1651 2696 vir-

86 2739 250 2811 tutis,
285 2758 412 2814 quae
444 2739 581 2797 tales
606 2738 918 2796 cultoribus
948 2741 1061 2798 suis
1091 2741 1304 2798 animos
1332 2730 1642 2819 inspiravit.

247 2842 482 2898 Laetiora
502 2843 666 2901 nobis
688 2843 931 2901 offerunt
954 2842 1266 2920 spectacula
1289 2843 1645 2921 Philippinae‚

85 2943 298 3001 Guinea
328 2953 382 3000 et
406 2944 716 3021 AEthiopia,
757 2964 884 3021 quae
923 2953 1253 3021 conceptum
1279 2944 1349 3001 de
1380 2945 1648 3022 Japonica

86 3045 411 3103 crudelitate
466 3065 760 3103 moerorem
813 3066 1115 3123 parumper
1180 3046 1522 3124 abstergent.
1584 3046 1649 3102 In

85 3146 417 3223 Philippinis
456 3148 735 3204 nationem
780 3147 986 3204 Itarum
1031 3147 1286 3224 plerique
1328 3146 1648 3204 Sacerdotes

89 3247 374 3305 Societatis
406 3256 747 3305 tentaverant
767 3249 825 3305 in
847 3249 1054 3325 oppida
1077 3257 1132 3304 et
1153 3267 1323 3325 pagos
1347 3246 1646 3317 deducere,

345 3368 509 3426 Tom.
558 3366 670 3424 IV.
1331 3363 1404 3419 12

1749 1331 1944 1390 Sodalitas

1694 1396 1937 1452 Martyrum.

1687 2546 1708 2568 *
1726 2547 1853 2591 Libro
1872 2551 1973 2593 ΧΧ.

1740 2859 1925 2899 Conversi

1687 2922 1934 2974 Philippina-

1685 2998 1774 3027 rum
1796 2986 1952 3040 populi.
