2210 3651
203 251 327 310 254
1000 272 1189 310 INDEX.

196 371 327 404 Annus.
1863 368 1999 411 Pagina.

384 454 554 500 Insulis
578 453 765 500 Chileni
788 454 923 501 Maris
946 455 1222 515 providetur
1257 484 1840 497 ........
1909 451 1998 496 160

379 537 431 582 Ρ.
459 537 492 581 F
496 540 698 582 errerius
721 552 745 582 a
770 538 979 583 barbaris
1003 543 1234 582 mactatur
1261 563 1841 578 ........
1911 533 1995 577 161

375 618 576 664 Initium
590 621 821 665 Missionis
835 620 1079 665 Canadicae
1093 651 1104 672 ,
1123 614 1249 674 apud
1267 614 1553 671 Hiroquoeos
1571 620 1615 658 et
1634 615 1849 659 Hurones
1914 612 2001 657 162

195 701 314 746 1612
377 703 532 748 Missio
565 707 615 748 in
647 704 864 748 Bosniam
892 729 946 736 —
975 706 1024 746 in
1050 699 1341 751 Valaehiam,
1366 696 1642 751 Ukraniam,
1671 702 1762 740 etc.
1834 729 1844 739 .
1913 694 2000 739 164

375 781 604 828 Excursio
643 787 692 827 in
738 787 974 828 minorem
1013 781 1296 835 Tartariam‚
1337 784 1387 825 in
1425 781 1603 825 insulas
1641 780 1847 824 Pantala-

440 869 586 920 riam,
625 866 820 919 Chium,
851 865 1007 910 Naxus
1014 894 1843 910 ...........
1911 860 1997 906 167

371 945 568 1003 Aliquot
591 946 907 1005 Collegiorum
925 961 1026 991 sors
1093 974 1841 992 ..........
1911 943 1998 987 170

373 1028 620 1073 Provincia
647 1030 829 1089 Belgica
851 1033 902 1074 in
923 1030 1036 1075 duas
1059 1030 1230 1084 divisa,
1260 1055 1314 1061 —
1335 1029 1432 1073 Rex
1460 1027 1620 1073 Galliae
1667 1060 1678 1070 .
1748 1058 1761 1071 .
1833 1060 1842 1071 .
1912 1025 1996 1070 171

371 1110 423 1154 In
450 1110 573 1156 Sinis
598 1112 779 1157 Xaocea
806 1114 928 1171 pulsi
953 1113 1040 1157 PP.
1068 1137 1123 1145 —
1150 1114 1228 1157 Fr.
1251 1112 1516 1156 Mendezius
1585 1145 1595 1155 .
1665 1143 1676 1154 .
1746 1142 1758 1154 .
1832 1144 1842 1155 .
1910 1109 1997 1154 172

371 1192 424 1237 In
447 1193 644 1251 Japonia
666 1195 909 1253 religionis
927 1197 1110 1238 vexatio
1134 1220 1193 1226 ——
1215 1193 1443 1238 Sodalitas
1466 1193 1725 1251 Martyrum
1751 1224 1762 1235 .
1833 1225 1844 1235 .
1913 1190 2000 1234 174

374 1273 596 1320 Conversi
622 1277 788 1334 populi
813 1277 1194 1335 Philippinarum
1212 1281 1258 1319 et
1280 1276 1539 1334 Abyssinus
1563 1277 1784 1331 princeps
1831 1304 1844 1316 .
1911 1274 1998 1316 177

373 1355 462 1400 PP.
494 1357 741 1412 Barreirae,
772 1358 998 1414 Arandae,
1029 1360 1242 1414 Vecchii‚
1276 1364 1322 1403 et
1351 1358 1640 1402 Montalbani
1665 1357 1848 1401 labores

435 1445 481 1483 et
503 1453 631 1483 mors
679 1471 1841 1487 ...............
1905 1439 1997 1484 =179

187 1517 308 1564 1615
372 1519 424 1564 In
448 1520 614 1580 Anglia
647 1521 732 1566 PP.
761 1522 1029 1578 macianus,
1058 1524 1311 1584 Percegus,
1339 1523 1597 1568 Muffettus.
1666 1553 1678 1566 .
1749 1552 1760 1564 .
1833 1554 1843 1564 .
1912 1520 1995 1565 181

372 1601 408 1646 E
438 1602 621 1647 Canada
641 1602 846 1648 Societas
870 1604 927 1648 ab
950 1604 1113 1663 Anglis
1137 1607 1284 1664 ejecta
1306 1631 1366 1638 —
1390 1605 1532 1649 Novae
1558 1604 1728 1647 domus
1764 1635 1775 1646 .
1831 1637 1842 1647 .
1912 1601 1999 1646 186

372 1683 591 1728 Victoriae
612 1685 668 1729 de
693 1687 855 1730 haeresi
880 1692 1132 1744 reportatae
1157 1711 1212 1719 -—
1237 1687 1390 1731 Missio
1415 1684 1845 1743 Constantinopoli.
1913 1684 2000 1729 189

368 1765 697 1811 Controversia
727 1767 784 1812 de
815 1768 987 1812 Indicis
1012 1770 1294 1812 ceremoniis
1317 1768 1598 1827 ingravescit
1663 1797 1677 1809 .
1749 1798 1759 1809 .
1829 1797 1840 1809 .
1910 1766 1992 1821 191

369 1848 466 1893 Pax
511 1852 562 1893 in
614 1850 796 1909 Mogole
839 1846 1102 1908 composita
1145 1874 1205 1880 —-
1242 1832 1295 1891 ln
1340 1846 1465 1892 Sinis
1510 1846 1689 1891 diversa
1734 1847 1843 1891 reli-

433 1935 586 1991 gionis
615 1945 715 1976 sors
758 1960 1836 1976 ..............
1905 1930 1993 1976 195

367 2012 420 2057 Ρ.
442 2013 649 2058 Valdivia
672 2016 720 2056 in
749 2013 897 2058 Perua
919 2012 1142 2057 barbaros
1165 2026 1191 2056 a
1213 2012 1403 2055 servitio
1430 2010 1600 2054 liberat
1665 2042 1677 2054 .
1749 2044 1760 2055 .
1828 2043 1840 2054 .
1910 2012 1997 2057 194

365 2095 499 2140 Pauli
521 2095 557 2142 V
579 2097 750 2141 litterae
767 2096 824 2141 ad
847 2085 1185 2155 Imperatorem
1206 2093 1464 2150 AEthiopiae
1499 2123 1836 2138 .....
1882 2090 1885 2091 ’
1905 2095 1993 2140 195

368 2178 593 2238 Martyres
614 2179 774 2237 plures
798 2181 849 2222 in
880 2179 1080 2237 Japonia
1084 2207 1833 2222 ..........
1903 2177 1991 2223 196

174 2258 295 2304 1614
362 2259 415 2304 Ρ.
443 2258 680 2304 Francisci
706 2259 865 2305 Suaris
903 2259 1024 2304 liber
1046 2259 1103 2303 ab
1128 2258 1292 2317 Anglis
1315 2263 1509 2302 exustus
1574 2289 1587 2300 .
1659 2291 1668 2300 .
1739 2289 1751 2301 .
1820 2284 1839 2301 ,ν
1903 2259 1991 2305 198

365 2341 417 2387 Ρ.
444 2342 742 2401 Laythwayti
769 2343 979 2401 pericula
1000 2371 1830 2387 ...........
1897 2341 1984 2386 201

364 2423 523 2479 Qualis
545 2428 605 2468 sit
631 2425 1004 2485 Anglicanorum
1033 2424 1379 2482 Episcoporum
1403 2423 1681 2483 jurisdictio
1742 2458 1751 2467 .
1823 2456 1833 2467 .
1902 2423 1992 2469 205

365 2508 418 2552 Ρ.
444 2507 639 2567 Ogitbaei
666 2510 902 2554 fortunata
929 2520 1057 2553 mors
1082 2535 1831 2550 ..........
1899 2504 1988 2550 204

368 2589 592 2634 Hibernia
616 2592 842 2635 lustratur
863 2597 909 2635 et
930 2589 1164 2634 excolitur
1169 2619 1832 2631 .........
1899 2586 1988 2632 207

369 2672 523 2717 Missio
547 2673 1035 2731 Quinquecclesiensis
1064 2681 1109 2718 et
1139 2675 1241 2718 aliae
1246 2704 1828 2717 ........
1896 2672 1986 2718 209

363 2756 571 2816 Insignes
595 2757 789 2815 quidam
812 2760 1020 2803 haeretici
1045 2761 1258 2803 conversi
1326 2788 1747 2802 ......
1802 2746 1829 2799 ¹.
1896 2753 1987 2798 210

366 2836 617 2883 Domicilia
651 2839 843 2884 fundata
864 2868 925 2874 —-
948 2842 1224 2903 Progressus
1250 2847 1299 2888 in
1333 2843 1618 2902 Philippinis
1653 2875 1666 2886 .
1738 2875 1746 2884 .
1819 2875 1827 2883 .
1894 2840 1984 2884 212

366 2919 420 2965 In
452 2919 694 2979 AEthiopia
719 2922 976 2980 disputatio
998 2927 1196 2971 celebris
1220 2953 1276 2960 —
1302 2927 1389 2971 Res
1412 2927 1699 2985 Paraguariae
1736 2957 1745 2967 .
1815 2953 1826 2965 .
1895 2922 1985 2966 215

361 3002 558 3061 Expulsi
583 3004 736 3048 Meaco
758 3004 882 3050 Socii
904 3033 963 3039 —-
986 3008 1236 3053 Fortitudo
1258 3007 1518 3067 Martyrum
1576 3039 1587 3052 .
1657 3037 1670 3052 .
1739 3039 1749 3048 .
1816 3036 1831 3049 ·
1897 3004 1987 3049 215

361 3086 583 3145 Episcopi
614 3086 890 3145 Japonensis
914 3089 1072 3133 obitus
1097 3114 1151 3122 -
1185 3091 1235 3134 P.
1263 3091 1502 3148 Mesqnitae
1523 3105 1667 3135 mors.
1736 3120 1747 3131 .
1817 3120 1827 3131 .
1894 3088 1984 3132 218

179 3169 300 3214 1615
365 3169 611 3214 Sociorum
637 3185 862 3214 numerus
887 3186 939 3215 ac
960 3178 1104 3215 status
1129 3175 1179 3215 in
1200 3172 1395 3231 Japonia
1401 3204 1743 3218 .....
1751 3196 1756 3200 -
1815 3204 1823 3215 .
1890 3169 1980 3214 220

362 3252 552 3311 Legatio
577 3256 626 3297 in
651 3254 982 3313 Babyloniam,
1007 3255 1109 3313 ejus
1132 3259 1340 3312 occasio,
1366 3262 1411 3302 et
1435 3259 1588 3302 exitus
1655 3289 1666 3298 .
1737 3288 1747 3299 .
1818 3285 1828 3297 .
1894 3253 1983 3297 222
