2210 3651
487 271 761 309 ms‘romffi:
803 268 1122 309 soc1ETAT1s
1165 275 1315 313 Jsssu.
1570 255 1682 313 141

289 372 488 430 Minori
517 372 746 450 quidem
775 391 982 449 pompa
1017 371 1194 430 elatus
1224 384 1306 431 est
1334 376 1475 434 inter
1496 377 1686 436 Cafros

125 473 188 531 P.
243 473 486 531 Joannes
534 473 744 530 Paulus
800 472 1060 545 Alexiu83
1115 473 1288 531 habet
1341 479 1459 551 ejus
1500 488 1686 536 tamen

125 576 317 632 mortis
359 576 572 632 occasio
615 574 870 631 nonnihil
907 575 1243 652 posteritatis
1277 578 1541 633 memoria
1572 598 1684 636 non

118 677 435 753 indignum.
475 677 720 735 Lusitani
753 676 825 733 ad
859 697 1092 754 regnum
1123 677 1533 753 Monomotapae
1564 679 1684 736 vela

118 781 361 839 fecerant
384 782 489 838 hoc
512 800 677 840 anno,
705 780 948 838 Classem
975 799 1069 837 sex
1093 778 1403 835 eSocietate
1426 796 1684 835 conscen-

118 883 342 940 derunt.
383 884 549 941 Navis
583 881 838 959 praetoria
871 880 1096 937 cumulo
1132 900 1421 937 arenarum
1459 898 1559 955 per
1591 880 1681 935 in-

117 985 326 1040 curiam
350 984 736 1060 gubernatoris
768 982 922 1039 allisa
947 992 1048 1039 est.
1068 982 1282 1058 AEquor
1309 980 1576 1057 paulatim
1601 1001 1682 1039 re-

112 1084 310 1143 labens
335 1085 653 1142 vectoribus
692 1083 952 1141 enatandi
984 1081 1303 1139 facultatem
1335 1081 1509 1138 dedit.
1537 1081 1680 1157 Ergo

110 1205 212 1262 pro
238 1205 295 1243 56
320 1187 559 1263 quisque
582 1186 638 1242 in
663 1185 1001 1263 uliginosum
1025 1184 1246 1242 desilire
1274 1183 1454 1256 littus,
1487 1183 1680 1259 aegroti

109 1286 252 1342 vado
304 1306 361 1344 se
416 1288 791 1360 committere,
845 1307 1037 1345 omnes
1089 1288 1197 1344 sibi
1249 1306 1441 1343 cavere
1495 1305 1673 1359 1111115,

107 1385 342 1443 aliorum
400 1388 582 1444 obliti.
649 1389 950 1461 Restabat,
1003 1387 1204 1465 elapsis
1253 1387 1516 1463 reliquis,
1568 1388 1677 1446 vile

103 1491 481 1566 mancipium,
522 1490 845 1548 adolescens
878 1511 907 1547 e
940 1490 1232 1547 Cafrorum
1264 1499 1461 1566 gente,
1504 1510 1672 1566 quem

106 1600 399 1648 conantem
462 1590 667 1649 frustra
721 1611 1015 1668 erumpere
1072 1589 1360 1646 detinebat
1414 1590 1667 1648 morbus.

103 1694 270 1750 Hunc
309 1694 372 1750 P.
407 1692 635 1750 Alexius
673 1693 942 1769 imposuit
981 1691 1254 1762 humeris,
1299 1710 1363 1747 ac
1393 1710 1492 1768 per
1525 1690 1674 1747 duo—

101 1795 369 1871 deviginti
422 1813 691 1870 passuum
744 1793 954 1864 millia,
1014 1811 1129 1849 non
1179 1792 1297 1849 51116
1347 1792 1672 1868 gravissimo

97 1895 346 1972 periculo
399 1894 750 1971 deportavit,
807 1912 956 1968 saepe
1006 1891 1186 1947 arenis
1239 1899 1463 1966 pectore
1513 1901 1671 1950 tenus

99 1999 395 2054 immersus
418 2041 432 2068 ,
468 2016 614 2073 saepe
637 1994 928 2052 offendens
963 1993 1035 2050 ad
1059 2002 1247 2050 cautes
1268 2037 1282 2066 ,
1323 2003 1378 2050 et
1408 1994 1630 2051 corallia
1651 2039 1667 2068 ,

99 2119 341 2177 quorum
378 2099 526 2155 aucti
562 2096 764 2154 ramuli
802 2116 961 2153 crura
999 2094 1286 2172 pedesque
1320 2093 1664 2152 lacerabant.

99 2202 215 2259 Nec
257 2199 498 2256 dubium
536 2201 673 2275 quin
709 2198 805 2254 illa
841 2197 1078 2254 charitas
1113 2196 1220 2272 ipsi
1257 2196 1365 2251 vita
1403 2197 1614 2253 steterit
1648 2218 1662 2253 :

96 2320 227 2356 nam
262 2301 393 2358 inde
434 2309 715 2358 contracto
752 2298 952 2355 morbo
991 2296 1160 2375 paulo
1201 2307 1328 2374 post
1360 2298 1665 2356 exstinctus

95 2411 198 2460 est.
248 2402 378 2478 Ejus
426 2401 761 2479 praeclarum
803 2400 958 2457 haud
997 2399 1246 2470 facinus,
1298 2399 1434 2456 dum
1477 2401 1665 2459 adhuc

92 2524 237 2582 pene
276 2524 417 2581 puer
459 2513 633 2576 esset,
685 2503 965 2579 proditur.
1013 2502 1156 2559 Cum
1199 2503 1347 2559 enim
1390 2501 1582 2579 fugam
1631 2523 1664 2560 a

93 2604 281 2663 seculo
312 2604 585 2663 meditans
610 2650 624 2678 ,
660 2617 946 2683 receptum
971 2606 1029 2662 in
1058 2588 1383 2662 Societatem
1408 2616 1658 2683 pararet,

91 2725 155 2762 ac
183 2706 322 2761 viam
354 2706 651 2763 intercludi
688 2706 793 2764 sibi
827 2716 1073 2764 cerneret
1107 2727 1136 2763 a
1166 2707 1494 2784 parentibus
1530 2709 1662 2765 uni-

92 2827 213 2863 cam
249 2807 455 2865 nobilis
499 2808 723 2864 familiae
767 2809 984 2886 prolem
1028 2811 1338 2870 nitentibus
1382 2814 1654 2885 retinere,

89 2909 208 2985 ipse
258 2920 582 2988 coopertum
635 2912 898 2971 sordibus
949 2922 1004 2970 et
1059 2913 1250 2971 illuvie
1297 2913 1550 2991 puellum
1601 2915 1660 2970 in

92 3011 274 3089 platea
326 3013 737 3090 deprehensum
789 3016 1052 3092 arripuit,
1105 3016 1265 3073 duxit
1314 3017 1546 3074 domum
1605 3025 1660 3073 et

95 3115 266 3191 patris
327 3117 628 3193 matrisque
683 3118 921 3193 genibus
973 3118 1207 3176 affusus.
1269 3118 1380 3190 En,
1441 3116 1654 3193 inquit,

94 3224 253 3273 vocat
276 3236 364 3274 me
387 3217 638 3279 Christus
667 3220 832 3279 Jesus
861 3221 919 3276 in
947 3219 1275 3279 Societatem
1299 3239 1487 3291 suam,
1522 3237 1656 3295 pau·

1778 365 1831 426 P.
1857 384 1984 426 Alexii

1721 450 1827 501 apud
1880 448 2016 490 Cafros

1721 513 1892 555 charitas

1705 2216 1744 2251 et
1763 2210 1830 2265 pia
1848 2225 1971 2254 mors.

1701 2510 1795 2565 Ejus
1826 2517 1954 2566 gesta.
