2210 3651
515 220 593 279 58
1180 241 1422 279 EPITOME

514 347 717 404 berum
766 363 917 419 esse⁷
972 343 1103 421 quia
1153 343 1292 400 nihil
1340 346 1389 402 ei
1441 342 1782 421 reliquerant
1838 341 2082 400 liberum

511 458 716 527 praeter
756 469 949 507 vocem
993 457 1047 505 et
1098 448 1486 506 constantiam.
1545 447 1688 505 Cum
1737 448 1796 503 in
1841 445 2083 524 equuleo

513 549 961 620 distenderetur.
1016 550 1173 606 aiunt
1221 551 1514 608 accessisse
1565 550 1887 628 theologum
1935 549 2084 627 poli-

510 651 724 725 tulum7
779 671 809 708 e
857 651 1069 709 Calvini
1121 651 1340 726 schola,
1395 652 1682 730 disputare
1731 653 2080 730 gestientem.

512 754 615 812 Cui
667 754 1012 831 Strangeus:
1062 753 1301 827 scande7
1356 755 1569 831 inquit7
1616 776 1835 813 mecum
1877 756 1935 810 in
1976 752 2084 808 hoc

508 860 825 938 pulpitum,
871 870 934 916 ut
976 878 1139 936 aequo
1171 867 1351 915 morte
1391 878 1703 936 campoque
1738 872 2077 940 pugnemUS.

670 961 853 1020 Pulsis
897 981 1157 1038 magnam
1196 969 1412 1037 partem
1457 960 1884 1032 SacerdotibUS,
1930 954 2085 1013 adhi-

507 1064 628 1122 bita
661 1076 745 1123 est
773 1085 916 1122 nova
947 1064 1203 1121 machina
1234 1064 1305 1120 ad
1334 1063 1783 1122 labefactandam
1813 1061 2083 1118 laicorum

506 1166 701 1224 fidem.
758 1167 1153 1225 Juramentum
1210 1166 1494 1224 fidelitatis
1547 1165 1843 1223 vocabant.
1898 1160 2083 1237 Hujus

506 1269 781 1326 machinas
804 1270 1112 1346 primordia
1140 1268 1270 1325 licet
1305 1269 1364 1324 in
1395 1267 1546 1323 hunc
1568 1286 1779 1322 annum
1801 1263 2080 1332 incidant,

505 1372 638 1448 quia
663 1381 847 1427 tamen
879 1372 1060 1428 acrius
1098 1371 1274 1427 incuti
1309 1379 1490 1446 coepta
1513 1376 1596 1425 est
1619 1386 1765 1423 anno
1789 1364 2080 1442 sequenti,

434 1508 437 1512 ·
506 1471 857 1530 commodius
880 1473 961 1529 ibi
990 1471 1347 1543 tractabitur,
1374 1480 1436 1528 ut
1467 1471 1646 1548 prima
1669 1489 1797 1526 cum
1820 1466 2082 1526 extremis

202 1794 469 1851 Transylvani

172 1862 256 1906 PP.
286 1861 466 1917 expulsi,

172 3165 213 3201 et
232 3160 274 3202 in
300 3161 470 3204 Polonia

172 3225 320 3269 vexati.

498 1578 697 1653 juncta
734 1575 937 1633 clarius
973 1584 1299 1652 appareant.
1327 1573 1593 1651 Reliquas
1625 1582 1814 1629 autem
1843 1589 2084 1649 praesen-

506 1681 578 1739 tis
608 1681 738 1737 anni
769 1679 956 1737 clades
986 1696 1401 1756 percurramus.

669 1779 975 1860 Botskaius'
1007 1779 1453 1858 Transsylvaniae
1491 1777 1760 1855 Princeps
1799 1774 2084 1833 haeretico-

502 1904 631 1941 rum
667 1883 959 1941 calumniis
980 1927 994 1956 .,
1039 1890 1094 1939 et
1137 1880 1640 1939 declamationibus
1670 1879 1933 1956 fatigatus
1954 1922 1968 1951 7
2000 1896 2084 1934 re-

502 1986 788 2042 nunciavit
817 1984 1078 2042 Patribus
1117 1983 1433 2041 cedendum
1470 1991 1586 2039 tota
1622 1979 2075 2059 Transsylvania.

502 2089 628 2147 Non
650 2106 814 2165 posse
843 2086 1003 2144 aliter
1029 2086 1238 2164 placari
1268 2105 1526 2164 proceres
1555 2084 1691 2162 ipsis
1719 2082 1949 2140 infestos
1982 2103 1993 2137 :
2021 2098 2081 2138 56

502 2190 773 2248 hactenus
814 2198 1059 2248 tutatum
1099 2189 1430 2247 Societatem
1469 2208 1623 2259 esse3
1664 2206 1818 2243 nunc
1857 2204 1923 2243 eo
1959 2204 2079 2242 rem

503 2291 805 2350 deductam
842 2300 907 2349 ut
935 2291 1116 2348 obniti
1150 2290 1298 2347 ultra
1317 2273 1444 2346 ‘non
1473 2289 1650 2367 possit
1681 2289 1798 2346 sine
1828 2285 2079 2365 periculo

501 2403 558 2454 et
591 2404 781 2453 nostro
811 2404 867 2452 et
908 2413 1031 2453 SUO.
1069 2393 1260 2451 Patres
1297 2391 1620 2450 refutarunt
1656 2398 1913 2448 accurate
1948 2408 2077 2467 quas

500 2497 914 2574 objiciebantur
950 2520 961 2554 :
995 2496 1210 2554 nullam
1235 2517 1266 2553 a
1289 2515 1346 2554 se
1368 2497 1440 2573 iuj
1451 2495 1626 2552 uriam
1649 2481 1710 2550 in>
1728 2493 2069 2569 Principem,

499 2599 715 2657 nullam
764 2600 823 2656 in
872 2599 1150 2678 populum
1203 2607 1381 2656 ortam
1425 2617 1545 2655 esse
1595 2595 2071 2654 demonstrarunt.

501 2703 655 2762 Nihil
691 2703 844 2761 aliud
878 2703 1129 2781 responsi
1161 2701 1393 2774 datum7
1434 2719 1604 2778 quam
1635 2698 1793 2755 aliter
1814 2698 1935 2755 fieri
1964 2715 2074 2752 non

501 2825 685 2883 posse.
724 2806 919 2883 Itaque
961 2806 1075 2862 vim
1110 2804 1368 2862 ultimam
1411 2802 1604 2876 veriti,
1638 2810 1694 2859 et
1723 2800 1946 2857 militari
1977 2799 2074 2856 sti-

499 2908 617 2984 pati
666 2907 924 2984 praesidio
975 2907 1034 2963 in
1084 2906 1372 2964 Poloniam
1413 2913 1780 2964 recesserunt.
1830 2904 1913 2962 Ne
1955 2903 2076 2978 ipsa

502 3010 731 3088 quidem
765 3011 995 3068 Polonia
1025 3011 1156 3069 satis
1193 3019 1314 3067 tuta
1342 3009 1478 3087 ipsis
1509 3016 1656 3080 erat,
1691 3006 1792 3063 ubi
1826 3004 2076 3061 malevo-

502 3112 686 3170 lorum
716 3115 773 3169 in
802 3123 1020 3171 nostros
1050 3114 1243 3170 odium
1275 3112 1518 3190 augebat
1540 3109 1774 3168 eximius
1804 3109 1863 3165 in
1896 3107 2074 3165 Socie-

503 3224 674 3274 tatem
723 3215 1067 3294 Sigismundi
1116 3215 1283 3292 Regis
1338 3233 1528 3287 amor,
1590 3211 1689 3288 qui
1735 3197 1837 3289 per
1886 3208 2074 3267 Socios
