2210 3651
552 327 823 366 ms‘romAE
863 326 1180 366 soon-:uns
1222 332 1370 371 seso.
1624 313 1737 373 173

343 427 430 485 Ad
452 428 747 486 clamorem
770 430 1005 485 accurrit
1029 431 1256 488 carceris
1278 445 1479 493 custos.
1505 435 1740 514 Utrique

189 527 367 605 plagae
434 529 684 588 crudeles
740 530 1092 606 infliguntur.
1162 533 1445 592 Mendezio
1514 559 1739 616 quoque

185 629 509 705 injiciuntur
550 631 799 703 vincula,
844 632 900 688 in
937 633 1144 708 quibus
1183 634 1413 710 longum
1456 640 1580 696 totis
1610 650 1733 697 octo

187 731 474 788 mensibus
537 733 864 809 martyrium
930 733 1192 809 pertulit,
1255 735 1390 791 dum
1457 736 1623 795 livida
1680 750 1735 797 et

183 836 553 909 putrescentia
588 856 617 892 e
651 835 827 912 plagis
872 837 1107 912 acceptis
1145 835 1326 893 ulcera
1365 837 1509 894 male
1543 858 1734 897 curan·

183 941 294 990 tur.
343 934 585 993 Accessit
625 936 698 991 ad
734 934 1022 1017 cumulum
1064 936 1395 994 infelicitatis
1439 937 1734 1014 praefectus

182 1035 477 1108 custodiae,
539 1036 706 1091 homo
771 1034 927 1092 ferox
995 1044 1048 1092 et
1113 1037 1564 1110 Mahometanus,
1636 1039 1734 1114 qui

179 1144 478 1211 postquam
518 1136 771 1212 cognovit
801 1136 1174 1194 Christianum
1211 1157 1329 1195 esse
1358 1158 1421 1195 ac
1450 1139 1732 1199 Societatis

175 1236 522 1313 religiosum,
567 1239 625 1293 in
667 1258 794 1294 eum
845 1258 1020 1294 unum
1074 1257 1266 1296 omnes
1309 1242 1538 1298 carceris
1586 1262 1732 1299 acer-

176 1336 378 1395 bitates
425 1338 652 1408 effudit,
707 1337 848 1394 facta
898 1349 1170 1416 potestate
1225 1340 1576 1414 facinorosis,
1631 1343 1729 1419 qui

177 1438 370 1494 eadem
415 1437 748 1494 tenebantur
778 1440 1025 1495 custodia
1044 1482 1057 1507 ,
1100 1440 1158 1493 in
1187 1458 1316 1494 eum
1347 1442 1726 1516 contumeliiS,

171 1537 423 1615 probriS,
477 1538 661 1596 verbis
711 1559 774 1595 ac
822 1539 1150 1596 verberibus
1209 1540 1487 1596 saeviendi.
1551 1541 1732 1599 Lectae

172 1637 394 1695 fuerant
416 1639 633 1696 interim
657 1639 878 1712 litterae,
912 1639 1237 1696 examinatae
1260 1640 1358 1696 diu
1383 1648 1437 1696 et
1458 1659 1723 1700 excussae.

171 1739 324 1798 Nihil
358 1741 416 1796 in
447 1741 513 1798 iis
549 1741 954 1819 deprehensum
996 1751 1198 1819 praeter
1239 1742 1540 1799 domestica
1580 1764 1731 1820 quae-

173 1841 304 1898 dam
341 1851 396 1900 et
430 1843 682 1920 religiosa
723 1845 960 1921 negotia.
1008 1843 1380 1902 Nihilominus
1414 1845 1556 1920 jussi
1598 1856 1731 1904 sunt

171 1944 358 2002 Patres
423 1945 639 2003 Xaocea
697 1947 920 2019 cedere,
987 1947 1240 2023 quamvis
1305 1946 1526 2003 nullum
1592 1947 1727 2025 ipsis

171 2045 507 2123 objiceretur
541 2049 777 2118 crimen,
825 2048 1078 2124 quamvis
1113 2066 1304 2104 eorum
1343 2055 1586 2123 spectata
1622 2049 1728 2104 vir-

170 2156 262 2204 tus
296 2146 407 2203 illic
448 2168 547 2225 per
588 2168 760 2205 annos
802 2158 910 2205 tres
946 2157 1000 2204 et
1031 2147 1222 2223 viginti
1261 2145 1567 2222 proborum
1610 2166 1726 2203 om-

170 2251 327 2307 nium
355 2258 642 2306 ornaretur
675 2249 1008 2306 testimoniO.
1042 2248 1107 2304 Id
1145 2267 1350 2319 unum,
1387 2247 1722 2324 interpositis

170 2352 390 2423 amicis,
432 2352 788 2427 impetratum
832 2349 972 2421 fuit,
1016 2357 1080 2405 ut
1122 2347 1441 2405 Mendezius
1487 2349 1722 2407 vinculis

170 2455 433 2526 emissus,
471 2454 529 2509 in
564 2453 925 2528 longinquam
966 2450 1336 2527 provinciam,
1381 2449 1570 2506 Macao
1598 2468 1723 2527 pro·

169 2556 261 2613 cul
317 2557 729 2633 deportaretur,
789 2563 852 2610 ut
907 2555 1142 2629 irrogata
1196 2551 1376 2628 gravis
1436 2550 1722 2606 tabellario

167 2676 330 2734 poena
365 2658 423 2712 in
455 2657 665 2713 biennii
702 2656 1019 2713 servitutem
1054 2662 1380 2710 mutaretur.
1423 2653 1721 2711 Disceden-

167 2767 250 2816 tes
294 2758 433 2815 urbe
472 2759 660 2815 Patres
710 2766 1017 2834 prosecutae
1062 2766 1191 2814 sunt
1230 2757 1438 2813 insanae
1487 2756 1719 2812 Bonzio-

167 2879 292 2915 rum
359 2878 548 2931 voces,
609 2861 668 2915 in
724 2858 924 2914 malam
988 2878 1104 2914 rem
1169 2857 1321 2914 abire
1369 2857 1710 2934 jubentium.

167 2958 324 3015 Brevi
360 2968 544 3016 tamen
586 2958 813 3015 fuerunt
849 2960 1120 3015 Xaoceam
1169 2959 1427 3015 revocati.
1468 2959 1531 3015 P.
1567 2959 1716 3014 Lon—

173 3059 486 3133 gobarduS,
532 3079 659 3116 cum
700 3080 730 3115 a
767 3060 1148 3116 Gubernatore
1190 3060 1420 3116 civitatis
1469 3060 1716 3115 obtinere

175 3157 313 3213 nihil
366 3161 664 3236 potuisset,
730 3160 1020 3237 Proregem
1088 3160 1489 3238 appellaverat,
1559 3161 1715 3233 cujus

174 3275 391 3315 summa
438 3260 495 3316 in
543 3279 762 3319 omnem
821 3263 1157 3339 provinciam
1214 3271 1473 3339 potestas.
1535 3260 1715 3337 Hujus
