2210 3651
519 231 601 291 54
1187 253 1430 292 EPITOME

517 372 640 413 sero
695 353 1039 429 indicatum.
1089 365 1145 413 et
1191 377 1223 413 a
1280 374 1338 414 se
1384 356 1537 413 omni
1578 375 1685 433 ope
1735 376 2083 434 quamquam

517 458 724 518 frustra
753 459 1103 536 prohibitum
1136 481 1148 515 ε
1189 457 1287 516 sed
1328 478 1399 515 ne
1441 457 1712 515 indicium
1746 457 1927 515 facere
1962 476 2088 535 pos-

517 569 602 619 set
620 560 956 639 impeditum
987 580 1157 619 sacrae
1192 558 1551 618 confessionis
1585 560 1850 637 religione
1881 559 2084 631 fuisse,

517 663 576 719 in
620 682 732 739 qua
773 661 833 718 id
873 661 1079 739 negotii
1116 663 1194 720 sic
1234 660 1417 719 fuerat
1457 663 1563 739 ipsi
1606 662 1981 734 declaratum⁷
2022 669 2087 718 ut

519 765 688 824 simul
736 774 1015 822 vetaretur
1062 764 1298 821 verbum
1341 765 1412 822 de
1455 764 1553 821 illo
1605 765 1869 841 cuiquam
1911 762 2092 821 facere

519 868 820 944 'antequam
868 874 982 922 tota
1035 866 1342 942 conjuratio
1395 867 1452 923 in
1502 866 1688 924 lucem
1744 873 2083 942 erumperet.

520 970 658 1027 Haec
704 968 877 1027 verba
918 978 1051 1027 sunt
1099 969 1173 1026 ab
1222 970 1288 1045 iis
1330 979 1559 1047 excepta
1601 969 1697 1047 qui
1741 963 1995 1025 latebant
2032 966 2094 1022 in

523 1073 686 1131 coecis
728 1073 908 1130 vitiosi
938 1072 1084 1129 muri
1115 1071 1498 1149 penetralibus
1521 1117 1535 1146 7
1569 1083 1624 1130 et
1653 1073 1724 1129 ad
1749 1072 1969 1149 judices
2000 1068 2095 1126 de-

244 1184 442 1226 Evocatur
521 1174 655 1232 lata.
691 1174 965 1232 Evocatur
1001 1174 1311 1247 Garnetus,
1343 1174 1607 1250 objicitur
1637 1173 1721 1230 illi
1761 1192 1929 1231 suum
1963 1189 2094 1227 cum

193 1248 242 1292 P'
264 1251 483 1304 Gai-uetus,
521 1277 805 1336 Oldcorno
839 1277 1205 1354 colloquium.
1241 1277 1423 1333 Sensit
1452 1294 1511 1332 se
1540 1276 1859 1353 proditum,
1892 1294 1956 1330 ac
1976 1291 2097 1330 rem

520 1388 695 1436 totam
739 1378 978 1436 candide
1014 1377 1336 1450 confessus,
1384 1377 1586 1453 adjecit
1619 1374 1760 1432 nihil
1797 1395 1829 1432 a
1866 1394 1924 1432 se
1959 1391 2101 1450 prae-

522 1481 845 1540 termissum
886 1479 1058 1538 fuisse
1091 1489 1155 1538 ut
1193 1478 1629 1536 machinatorem
1671 1478 1799 1534 tetri
1842 1473 2102 1532 facinoris

525 1582 850 1640 deterreret.
891 1581 1089 1640 Visum
1118 1601 1238 1640 esse
1267 1580 1612 1658 Catesbyum
1641 1578 1857 1636 saniora
1888 1577 2100 1654 cepisse

525 1684 756 1743 consilia
774 1729 788 1757 ,
822 1685 962 1762 quin
983 1685 1148 1742 etiam
1177 1683 1498 1761 promisisse
1530 1680 1668 1737 nihil
1701 1699 1759 1738 se
1779 1724 1794 1753 .,
1828 1679 1934 1736 nisi
1963 1695 2103 1755 pro-

524 1786 700 1844 bante
759 1785 993 1858 Summo
1046 1785 1353 1858 pontifice,
1406 1792 1775 1842 tentaturum.
1837 1780 2000 1854 Quod
2057 1779 2103 1837 si

526 1888 782 1963 fecisset„
827 1889 969 1946 nihil
1009 1899 1126 1947 erat
1160 1886 1425 1966 periculi,
1472 1906 1603 1944 cum
1653 1904 1813 1944 suam
1855 1890 2101 1940 mentem

527 1991 786 2049 Pontifex
818 2000 1010 2069 aperte
1044 1990 1404 2048 declarasset.

693 2092 814 2150 Hac
848 2092 962 2150 tam
1000 2095 1247 2165 sincera,
1295 2101 1409 2148 tam
1450 2100 1640 2150 sancta
1682 2086 2105 2147 denuntiatione

522 2194 742 2274 judices
764 2196 1007 2267 attoniti,
1034 2194 1247 2252 haesere
1267 2193 1544 2252 distractis
1566 2194 1624 2249 in
1648 2191 1894 2248 diversas
1917 2197 2104 2266 partes

530 2299 841 2358 sententiis.
889 2297 1061 2354 Erant
1102 2297 1201 2373 qui
1245 2295 1376 2354 satis
1411 2313 1532 2353 esse
1571 2292 1771 2370 flagitii
1813 2290 2107 2348 crederent

530 2400 690 2477 quod
720 2399 1160 2477 conjurationem
1189 2397 1469 2475 cognitam
1499 2414 1613 2452 non
1642 2394 1963 2451 indicasset.
1996 2389 2107 2449 Alii

454 2523 457 2526 ¹
530 2501 857 2560 fatebantur
890 2499 1149 2559 servandi
1186 2499 1371 2556 arcani
1405 2478 1786 2555 necessitatem
1824 2492 2109 2551 catholicis

535 2603 932 2663 Sacerdotibus
969 2604 1197 2660 omnino
1234 2621 1353 2660 esse
1386 2601 1740 2679 impositam7
1783 2598 1958 2675 idque
1986 2595 2113 2654 reli-

533 2708 756 2786 gionem
788 2708 894 2785 piis
917 2752 930 2779 7
969 2707 1239 2764 rationem
1270 2706 1463 2784 peritis
1482 2749 1496 2778 ‚
1535 2705 1714 2781 ipsam
1744 2711 2003 2758 naturam
2029 2699 2110 2755 in-

535 2809 713 2868 doctis
736 2808 1092 2887 persuadere.
1123 2809 1394 2880 Quocirca
1416 2809 1535 2885 ejus
1557 2805 1743 2863 arcani
1766 2800 2107 2861 defendendi

538 2932 705 2970 causa
742 2913 1032 2970 toleratam
1074 2932 1268 2970 necem
1300 2931 1415 2968 non
1451 2909 1741 2981 dedecori7
1787 2904 1885 2964 sed
1914 2902 2113 2960 honori

542 3014 826 3073 catholicis
859 3014 977 3072 fore
1012 3014 1446 3072 contendebant.
1493 3013 1689 3088 Itaque
1723 3008 1881 3064 novis
1922 3016 1978 3062 et
2010 3025 2110 3062 ex-

211 3140 450 3192 torquetur,
544 3119 763 3197 quisitis
803 3118 1143 3175 cruciatibus
1177 3117 1358 3174 conati
1393 3123 1526 3173 sunt
1567 3134 1597 3169 a
1641 3110 1883 3198 Garneto
1923 3115 2113 3164 extor-

546 3241 718 3301 quere
752 3230 819 3280 ut
858 3221 1297 3298 conjurationem
1328 3217 1501 3276 fuisse
1533 3214 1641 3275 sibi
1682 3209 1911 3271 aliunde
1938 3226 2108 3287 quam
