2210 3651
192 1010 396 1064 Oppidum

163 1074 443 1132 Ignatianum.

211 2850 357 2893 Insulis

154 2916 310 2957 Chileni
331 2917 452 2959 maris

154 2981 379 3033 provisum.

509 247 540 304 1
551 247 628 306 60
1172 273 1413 311 EPITOME

504 390 702 449 pessus
758 393 790 430 a
841 374 1088 453 popum,
1146 396 1316 453 quem
1368 377 1540 436 duces
1596 398 1743 457 aegre
1791 381 1850 436 in
1896 380 2079 438 officio

506 474 888 535 continebant.
930 479 1055 535 Duo
1087 478 1320 536 tandem
1356 501 1423 538 ex
1456 481 1566 540 illis
1599 483 1948 561 baptismum
1987 503 2082 561 pe-

504 575 734 634 tierunt.
782 579 1056 638 Instantes
1100 600 1245 638 anno
1289 591 1405 639 toto
1448 585 1701 659 distulit,
1758 587 2082 644 constantiae

503 679 885 755 periclitandae
931 702 1094 740 causa
1118 728 1132 756 7
1167 704 1231 740 ac
1263 683 1458 743 sedulo
1495 689 1761 764 probatos
1795 700 2081 769 compotes

500 783 613 838 voti
645 782 793 841 fecit.
831 783 1000 841 Aditu
1026 786 1104 842 sic
1134 787 1190 842 in
1216 787 1450 845 domum
1485 790 1584 847 Dei
1622 792 1929 868 patefact0‚
1955 793 2082 870 plu-

498 886 624 942 rimi
671 887 1054 946 concordibus
1091 890 1290 948 animis
1321 892 1379 947 in
1416 912 1538 949 eam
1577 905 1709 951 sunt
1744 896 2080 969 introducti,

501 988 906 1067 conditumque
928 991 1203 1069 oppidum
1229 993 1430 1051 Christi
1468 995 1783 1056 cultoribus
1811 996 2080 1055 refertum

500 1091 655 1168 quod
679 1092 1032 1169 Ignatianum
1055 1093 1373 1151 Lorenzana
1399 1098 1726 1157 nominavit.

661 1197 789 1254 Non
819 1208 976 1254 erant
1011 1197 1370 1255 humaniores
1405 1199 1816 1260 Paranensibus
1840 1202 2079 1259 Guaicu-

492 1298 622 1369 raei,
678 1307 734 1354 et
784 1298 1136 1373 gravissimas
1179 1299 1441 1376 Hispanis
1485 1301 1671 1360 clades
1742 1303 2078 1377 intulerant⁷

493 1400 669 1477 idque
719 1400 983 1477 impune7
1038 1401 1144 1457 tuti
1196 1401 1404 1460 scilicet
1454 1422 1749 1463 nemorum
1806 1405 2072 1478 latebris.,

492 1501 832 1559 fluminibus
885 1502 1010 1560 altis
1061 1512 1116 1560 et
1162 1502 1591 1582 frequentibus,
1646 1508 1923 1563 montium
1981 1528 2075 1564 an-

493 1606 672 1682 gustis
703 1604 964 1663 faucibus
983 1650 996 1677 a
1032 1626 1172 1682 quas
1212 1608 1344 1684 vigil
1375 1608 1625 1667 custodia
1656 1610 1933 1667 servabat.
1963 1610 2078 1668 Ubi

493 1707 742 1785 primum
813 1707 1003 1766 Patres
1067 1708 1432 1768 Gonsalvium
1496 1720 1551 1769 et
1620 1712 1879 1768 Griffium
1950 1730 2078 1769 con—

494 1828 759 1885 spexere,
799 1810 1150 1868 conclamant
1192 1813 1263 1869 ad
1300 1833 1483 1878 arma3
1517 1816 1752 1885 jamque
1784 1814 1844 1865 in
1879 1812 2078 1870 ambos

492 1909 734 1966 barbara
769 1912 1018 1982 phalanx
1054 1908 1270 1966 infestis
1305 1907 1431 1967 telis
1460 1909 1683 1968 ruebat.
1725 1910 1854 1968 Dux
1885 1914 2074 1989 gentis

490 2011 602 2067 vim
636 1988 949 2083 prohibuit.
978 2007 1303 2068 Sacerdotes
1325 2010 1595 2089 impavidi
1620 2012 1953 2070 denuntiant
1973 2016 2074 2092 qui

490 2111 633 2181 sint„
688 2109 871 2183 unde,
924 2121 979 2168 et
1024 2131 1296 2189 quorsum
1346 2115 1599 2173 veniunt.
1648 2114 1822 2172 Movit
1868 2116 2072 2174 ducem

491 2215 666 2273 oratio
709 2215 876 2293 plena
912 2215 1276 2276 humanitatis
1314 2228 1368 2275 et
1405 2218 1760 2291 constantiae7
1804 2219 2073 2295 praecepit

492 2320 607 2378 suis
641 2329 704 2376 ut
735 2319 926 2377 liceret
955 2321 1218 2379 Patribus
1244 2322 1476 2399 impune
1507 2321 1688 2378 verba
1713 2320 1784 2377 de
1806 2319 2074 2397 religione

489 2423 693 2497 facere„
720 2444 849 2501 quae
875 2444 1004 2480 cum
1035 2423 1279 2481 libenter
1302 2423 1523 2480 audiret
1544 2425 1664 2500 ipse
1693 2443 1756 2479 ac
1778 2422 2067 2499 probaret,

488 2525 670 2582 filium
708 2526 1035 2584 Christianis
1065 2527 1233 2584 saeris
1267 2525 1604 2582 initiandum
1641 2523 1893 2580 tradidit.
1930 2523 2069 2600 Bap-

488 2627 687 2683 tizatus
738 2636 821 2684 est
872 2647 1013 2704 puer
1055 2629 1259 2704 insigni
1305 2647 1546 2704 pompa,
1595 2635 1650 2683 et
1699 2626 1773 2683 ab
1818 2627 2068 2705 Hispano

487 2729 730 2787 Praetore
761 2730 831 2787 de
868 2750 1023 2789 sacro
1052 2730 1207 2787 fonte
1236 2737 1552 2806 susceptus,

649 2833 892 2890 Fuerant
933 2844 1061 2892 ante
1105 2833 1320 2910 aliquot
1362 2850 1538 2889 annos
1589 2830 1839 2889 lustratae
1889 2831 2065 2888 archi-

487 2933 669 3011 pelagi
722 2935 996 2993 Chilensis
1046 2934 1246 2992 insulae
1301 2933 1649 3011 complures,
1703 2953 1832 3010 quae
1888 2933 2064 2990 instar

489 3035 801 3114 Cycladum
862 3046 959 3093 aut
1000 3036 1390 3114 Sporandum‚
1438 3038 1695 3095 visuntur
1737 3035 1794 3095 in
1846 3034 2063 3112 ingenti

489 3138 648 3210 sinu,
695 3147 980 3215 tamquam
1023 3140 1082 3195 in
1120 3139 1310 3215 AEgaeo
1340 3139 1480 3195 mari
1520 3156 1746 3215 sparsae.
1791 3136 2060 3193 Omnium

488 3239 766 3314 maxima,
829 3240 1024 3298 Chiloe
1074 3240 1252 3316 dicta,
1307 3240 1716 3319 quinquaginta
1765 3238 1952 3297 leucas
2003 3238 2061 3293 in
