2210 3651
187 2834 190 2836 ,
229 2797 278 2838 In
301 2797 474 2851 Japonia

181 2861 421 2905 Sodalitium

186 2929 298 2971 SSmi
343 2932 478 2975 Sacra-

183 2997 333 3055 menti;

508 294 625 355 150
1164 318 1404 356 EPrrOME

503 418 732 496 palense
752 417 1079 493 laborabat,
1107 441 1235 477 cum
1260 421 1410 479 Deus
1436 422 1533 478 uni
1555 441 1585 479 e
1605 423 1808 480 nostris
1832 430 2074 480 mentem

501 521 722 598 injecit,
749 531 812 579 ut
833 524 983 600 piam
1012 543 1042 580 e
1071 521 1173 578 fori
1202 523 1552 601 principibus
1583 524 1852 581 conflaret
1874 522 2073 581 sodali-

502 634 705 697 tatem,
739 625 948 702 quibus
984 625 1262 701 aequitatis
1293 625 1517 681 tuendae
1540 646 1672 683 cura
1694 625 2068 682 incumberet.

503 725 594 784 Ab
632 728 697 785 iis
731 727 920 806 legum
956 726 1131 783 tutela
1171 726 1358 803 palam
1401 736 1738 804 strenueque
1781 736 2071 805 suscepta,

504 832 813 908 proscripta
845 832 1024 908 turpis
1051 831 1394 907 judiciorum
1420 849 1483 886 ac
1513 832 1914 887 sententiarum
1937 849 2080 885 nun—

506 933 718 990 dinatio
739 978 753 1005 ,
787 953 896 990 non
930 934 1189 1010 judicum
1225 953 1320 990 ora
1353 935 1535 990 vincta
1572 934 1933 1005 muneribus,
1967 952 2082 989 non

506 1055 667 1093 aures
693 1036 896 1095 clausae
929 1038 1107 1115 pretio
1141 1037 1508 1109 tenebantur,
1540 1057 1654 1094 non
1684 1038 1900 1094 artibus
1936 1044 2082 1093 vete-

504 1142 721 1199 ratoriis
744 1151 799 1199 et
828 1140 1070 1218 strophis
1098 1140 1399 1217 implicatae
1428 1150 1836 1217 protractaeque
1867 1137 1992 1194 lites
2021 1136 2080 1191 in

505 1241 710 1300 forensi
756 1243 1034 1300 tabulario
1073 1243 1457 1300 senescebant.
1494 1242 1581 1299 Ad
1610 1243 1798 1319 ipsum
1837 1239 2079 1299 sodalitii

504 1347 870 1422 praepositum
921 1364 1035 1401 non
1086 1364 1281 1421 paucae
1326 1342 1727 1401 deferebantur
1773 1351 2085 1398 controver-

505 1446 600 1503 siae
620 1491 634 1519 ,
670 1467 797 1524 quae
827 1446 1096 1504 adhibitis
1130 1448 1189 1503 in
1221 1446 1515 1504 consilium
1546 1447 1736 1524 peritis
1767 1443 2081 1516 sodalibus,

505 1550 724 1627 absque
764 1551 1032 1628 impensis
1082 1559 1181 1607 aut
1231 1550 1501 1626 strepitU,
1539 1568 1607 1605 ex
1640 1566 1804 1624 aequo
1839 1556 1895 1603 et
1933 1546 2086 1602 bono

507 1651 940 1709 dirimebantur.
1747 1728 1750 1731 y

674 1754 826 1826 Quid
857 1755 1095 1813 crassius
1127 1754 1504 1830 hebetiusque
1533 1761 1651 1809 toto
1682 1771 1884 1828 genere
1912 1752 2089 1829 pisca-

505 1857 734 1914 torum?
762 1858 961 1934 Neque
984 1857 1193 1915 erudiri
1214 1856 1380 1913 valde
1409 1862 1607 1909 curant
1628 1897 1642 1923 ,
1675 1873 1861 1928 neque
1890 1853 2085 1927 facile,

503 1981 537 2018 a
577 1958 789 2037 quibus
831 1956 1185 2030 erudiantur,
1227 1956 1541 2013 inveniunt.
1582 1955 1724 2011 Data
1764 1953 1892 2036 illis
1919 1974 2089 2033 opera

505 2062 792 2138 superiore
834 2079 980 2116 anno
1024 2058 1207 2117 fuerat
1248 2058 1518 2136 Neapoli,
1573 2067 1876 2134 tantusque
1920 2057 2090 2115 decor

504 2161 761 2220 moribus
791 2162 1015 2221 incultis
1046 2162 1296 2236 additus,
1322 2171 1387 2219 ut
1409 2162 1640 2238 antiqua
1663 2160 1868 2217 divinae
1897 2162 2088 2239 gratiae

505 2267 589 2324 vis
618 2274 880 2323 renovata
921 2265 1237 2338 videretur,
1272 2284 1401 2342 quae
1442 2284 1472 2322 e
1502 2263 1876 2341 piscatoribus
1912 2262 2088 2340 Apos-

504 2367 647 2426 tolos
689 2368 1017 2426 elaboravit.
1068 2368 1217 2440 Quid
1259 2367 1558 2423 immanius
1599 2364 1908 2442 duriusque
1937 2364 2091 2421 mili-

504 2470 697 2529 tibus?
748 2471 897 2544 Quid
961 2472 1249 2548 mancipiis
1305 2470 1518 2528 tardius
1592 2478 1690 2525 aut
1748 2467 2087 2546 malignius?

507 2577 764 2652 utrique,
801 2575 1159 2633 sodalitatum
1198 2574 1503 2644 beneficiO,
1544 2589 1727 2627 mores
1756 2570 2082 2647 improbos,

508 2685 564 2733 et
603 2677 825 2734 insitam
864 2678 1192 2755 pravitatem
1234 2684 1529 2733 exuerunt.

673 2780 881 2838 Eadem
926 2790 1042 2838 arte
1084 2781 1418 2858 Japonensis
1470 2778 1778 2856 Episcopus
1820 2777 2085 2854 pietatem

512 2881 768 2940 Ecclesiae
821 2883 928 2940 sibi
984 2883 1293 2940 commissae
1343 2881 1699 2939 vehementer
1747 2879 2081 2952 illustravit,

515 2985 816 3042 constituto
862 2986 956 3042 SS.
1005 2985 1345 3042 Sacramenti
1398 2983 1675 3041 sodalitiO.
1717 2982 1948 3039 Factum
2003 2988 2087 3038 est

513 3087 593 3145 illi
638 3087 997 3165 splendidum
1040 3088 1260 3142 initium
1305 3106 1334 3142 a
1371 3085 1604 3143 solemni
1639 3081 2079 3160 supplicatione,

514 3210 684 3267 quam
717 3188 932 3246 sodales
956 3190 1238 3246 duxerunt
1260 3189 1467 3244 amictu
1498 3185 1736 3243 candido
1761 3184 2082 3263 spectandi,

515 3299 572 3349 et
587 3311 740 3351 cerea
756 3311 874 3370 prae
901 3290 1161 3349 manibus
1184 3289 1321 3348 face.
1343 3289 1636 3348 Celebrato
1658 3287 1923 3367 peculiari
1947 3305 2082 3362 qua-
