2210 3651
160 322 166 325 -
185 297 306 357 292
759 318 929 356 mnEx
971 315 1412 355 ALPHABETICUS.

177 419 643 469 PETRACORENSE
665 426 715 468 in
739 423 884 470 Gallia
902 421 1181 482 Collegium.
1205 418 1290 464 ΙΙΙ.
1317 417 1423 464 164.

178 500 566 550 PETROCOVIAE
585 504 707 551 Socii
728 509 778 550 in
802 506 1063 565 Collegium
1087 505 1331 551 Urbanum
1351 500 1742 547 introducuntur.
1764 496 1845 543 111.
1873 495 1979 543 152.

181 584 409 633 PETRUS
433 586 517 649 (S.)
545 588 780 648 Ignatium
804 595 951 634 sanat.
978 588 1016 633 1.
1041 588 1087 632 4.

177 665 360 712 PHARI
382 673 432 714 in
456 671 671 730 Algarbia
698 671 962 731 Collegium
981 675 1210 715 erectum.
1238 664 1322 710 ΙΙΙ.
1347 665 1457 712 259.

176 747 530 799 PHILIPPINAE
556 755 742 798 insulae.
769 754 1011 800 Societatis
1032 756 1286 812 ingressus.
1312 747 1397 793 III.
1424 747 1501 794 50.

237 831 485 880 Provincia
509 843 680 881 erecta.
709 837 813 882 185.

237 914 361 960 Varii
385 918 567 963 labores
589 920 865 977 fructusque
887 919 1092 964 collecti.
1116 916 1207 962 215
1230 920 1277 960 et
1298 929 1397 973 seq.

237 996 461 1044 Miracula
485 1007 693 1059 operata.
719 1002 794 1047 IV.
818 1001 897 1046 27.

241 1080 412 1128 Gentes
436 1084 646 1129 barbarae
667 1088 806 1129 variae
830 1089 1155 1129 recensentur.
1181 1081 1288 1127 100.

237 1161 394 1223 Magni
418 1166 660 1225 religionis
681 1181 970 1226 progressus.
997 1166 1107 1210 215.

175 1243 438 1291 PIMENTA
465 1247 533 1308 (P.
558 1250 794 1311 Nicolaus)
821 1249 967 1293 Indiae
990 1251 1218 1292 visitator.
1245 1245 1326 1291 111.
1350 1245 1461 1290 248.

174 1324 451 1374 PINIERUS
472 1328 559 1389 (P.)
582 1345 745 1388 pacem
769 1331 973 1390 Mogoles
1001 1332 1126 1374 inter
1145 1336 1191 1374 et
1217 1329 1465 1374 Lusitanos
1488 1325 1751 1383 componit.
1773 1319 1851 1368 lv.
1877 1318 1983 1366 195.

174 1406 388 1454 PINTUS
426 1408 496 1471 (P.
525 1408 820 1474 Franciscus)
848 1415 898 1456 in
923 1412 1113 1457 Brasilia
1139 1425 1164 1455 a
1186 1412 1394 1456 barbaris
1417 1413 1664 1454 mactatur.
1688 1404 1763 1451 lv.
1791 1401 1898 1448 110.

176 1487 448 1536 PISCARIA
472 1507 550 1537 ora
575 1508 599 1538 a
622 1494 819 1539 Xaverio
841 1495 1045 1539 exculta.
1072 1492 1111 1537 I.
1132 1492 1213 1547 48,
1240 1492 1299 1537 49
1323 1496 1369 1535 et
1393 1489 1469 1536 69.

174 1569 305 1618 PIUS
326 1572 386 1620 IV
409 1575 547 1621 Pont.
575 1577 692 1621 Max.
719 1577 962 1623 Societatis
985 1589 1127 1635 opera
1151 1578 1202 1619 in
1221 1573 1383 1618 multis
1401 1575 1569 1616 utitur.
1594 1568 1656 1613 II.
1683 1567 1737 1614 51
1764 1572 1811 1612 et
1832 1579 1933 1623 seq.

236 1652 437 1714 Propter
469 1656 518 1702 S.
543 1658 697 1703 Caroli
723 1659 980 1703 Borromaei
1003 1673 1115 1704 cum
1139 1657 1357 1704 Patribus
1377 1655 1742 1700 familiaritatem
1767 1664 1793 1695 a
1824 1648 1985 1695 Socie-

302 1742 396 1782 tate
415 1740 664 1784 alienatur.
693 1741 780 1786 128
804 1747 851 1786 et
876 1741 983 1786 129.

238 1818 345 1864 Mox
367 1820 425 1864 ad
447 1825 659 1880 primum
681 1824 802 1868 redit
825 1825 1062 1862 affectum.
1091 1815 1197 1861 150.

171 1896 303 1944 PIUS
320 1900 355 1945 V
373 1900 461 1960 (S.)
488 1902 627 1943 Pout.
652 1900 770 1943 Max.
797 1898 910 1956 Ejus
928 1901 978 1942 in
997 1897 1277 1942 Societatem
1290 1895 1639 1940 benevolentia.
1653 1890 1816 1938 11.160
1828 1896 1873 1937 et
1885 1904 1985 1950 seq.

238 1981 399 2025 Vetuit
424 1995 483 2025 ne
516 1983 666 2025 nostri
694 1980 751 2024 acl
786 1980 950 2025 Sacros
975 1980 1165 2024 ordines
1190 1979 1501 2024 admittantur
1531 1979 1623 2022 nisi
1648 1977 1849 2022 solemni
1870 1989 1980 2035 pro-

301 2062 507 2107 fessione
531 2066 715 2107 emissa.
743 2063 832 2107 175
853 2069 904 2106 et
927 2077 1026 2121 seq.

233 2144 482 2204 Privilegia
508 2151 553 2190 et
576 2146 756 2190 favores
779 2145 998 2190 Societati
1021 2146 1236 2204 largitur.
1260 2140 1351 2187 208
1372 2146 1418 2186 et
1439 2154 1540 2198 seq.

235 2227 394 2272 Patres
416 2230 467 2271 in
491 2231 630 2272 variis
653 2228 710 2272 ad
736 2229 978 2286 Principes
998 2229 1256 2287 legationes
1278 2223 1485 2269 adhibet.
1509 2221 1619 2267 225.

236 2307 519 2354 Societatem
543 2310 721 2369 duplici
746 2325 869 2355 novo
896 2316 1034 2354 ornat
1058 2309 1333 2367 diplomate.
1359 2305 1470 2350 224.

175 2391 529 2437 PLACENTIAE
556 2393 839 2452 Collegium.
865 2391 904 2438 I.
927 2392 1035 2438 255.
1055 2391 1136 2435 III.
1161 2390 1208 2434 2.

173 2473 498 2520 PLATENSIS
520 2478 570 2520 in
590 2475 738 2520 Perua
764 2475 960 2535 Collegii
982 2477 1193 2519 initium.
1213 2470 1297 2516 III.
1329 2471 1433 2516 174.

172 2554 480 2601 PLOCENSE
505 2560 555 2602 in
579 2558 747 2615 majori
774 2558 970 2601 Polonia
995 2556 1276 2614 Collegium.
1301 2551 1376 2597 lv.
1407 2550 1514 2596 148.

172 2635 478 2682 POLANCUS
505 2636 573 2697 (P.
601 2637 822 2698 Joannes)
852 2640 901 2681 in
926 2639 1156 2696 regimine
1179 2635 1230 2679 P.
1257 2634 1407 2680 Natali
1430 2632 1725 2692 adjungitur.
1748 2627 1788 2673 Ι.
1820 2627 1929 2675 262.

239 2718 442 2763 Labores
467 2718 568 2775 ejus
593 2725 758 2762 contra
783 2718 1097 2764 Calvinianos.
1122 2716 1182 2762 ΙΙ.
1205 2716 1281 2762 81.

177 2799 526 2846 POLOCENSE
552 2799 831 2859 Collegium.
854 2799 917 2844 II.
944 2800 1049 2844 522.

175 2880 462 2936 POLONIA,
490 2883 546 2925 ab
570 2884 734 2926 haeresi
754 2882 1023 2926 defenditur
1047 2895 1190 2940 opera
1207 2882 1257 2927 P.
1283 2881 1473 2926 Canisii.
1498 2879 1558 2925 II.
1585 2878 1665 2925 26.

238 2962 469 3009 Strenuus
491 2963 709 3008 adversus
733 2966 976 3009 haereticos
1000 2964 1149 3019 labor,
1173 2965 1449 3021 fructusque
1472 2962 1677 3007 collecti.
1703 2959 1791 3006 140
1814 2966 1861 3006 et
1882 2974 1981 3019 seq.

241 3043 412 3089 Turbae
435 3046 717 3088 excitantur.
742 3044 850 3088 284.

239 3123 526 3184 Sigismundi
551 3124 687 3184 Regis
710 3125 1055 3172 benevolentia.
1080 3125 1167 3171 III.
1191 3125 1297 3171 100.

240 3205 488 3251 Provincia
512 3205 739 3251 dividitur
763 3212 808 3250 et
830 3207 1111 3253 Lithuanica
1127 3215 1386 3268 separatur.
1409 3208 1519 3254 259.

242 3286 446 3334 Societas
469 3287 690 3337 Cracovia
707 3293 1040 3349 primariisque
1062 3291 1261 3336 urbibus
1282 3290 1488 3350 ejicitur.
1513 3288 1589 3336 IV.
1616 3288 1691 3334 59.
