2210 3651
195 379 398 432 Japonum
415 381 466 423 ob

170 443 316 486 Christi
328 446 465 488 Fidem

166 508 271 551 mira
347 510 464 554 forti-

166 573 280 615 tudo.

504 252 624 311 104
1164 275 1405 313 EPJTOME

501 374 664 434 tianis
693 373 894 435 infensi
923 375 1111 433 datam
1142 377 1250 435 sibi
1287 380 1631 438 occasionem
1664 390 1719 438 et
1741 381 2063 442 facultatem

499 484 772 555 putarunt
799 478 858 534 in
886 498 979 536 eos
1001 480 1231 556 impune
1254 481 1538 540 saeviendi.
1575 483 1939 546 Mor-indonus
1966 508 2064 546 rex

499 577 829 655 Amangucii
866 579 1286 658 Canosangum.,
1335 586 1493 660 cujus
1543 586 1812 664 exemplis
1853 598 1909 645 et
1956 609 2065 647 ser-

497 699 666 738 mone
707 681 899 759 religio
930 683 1170 739 maxime
1200 682 1508 758 nitebatur³
1546 686 1685 746 falso
1723 691 1951 748 crimine
1979 711 2066 749 ac-

498 791 790 855 cusatum,
829 785 1036 860 raptari
1079 783 1266 841 triduo
1302 805 1402 862 per
1438 789 1748 865 oppidum‚
1786 801 1840 849 et
1874 793 2065 849 vivum

497 883 784 955 comburi3
826 888 944 961 ejus
978 905 1209 944 uxorem
1246 888 1304 944 in
1338 909 1557 947 crucem
1590 892 1710 949 tolli
1742 896 1931 970 jussit.
1977 893 2067 952 Ad

497 985 759 1063 supplicii
805 986 993 1045 locum
1029 990 1367 1066 perductus,
1412 994 1605 1070 paucis
1656 995 1727 1052 de
1769 1015 1870 1053 sua
1910 997 2067 1053 inno-

497 1090 704 1162 centia,
738 1090 1000 1166 pluribus
1036 1092 1218 1149 verbis
1250 1092 1320 1150 de
1351 1104 1555 1152 sanctae
1578 1095 1714 1173 legis
1743 1098 2070 1155 necessitate

496 1189 567 1246 ad
613 1190 849 1249 salutem
894 1194 1345 1269 consequendam
1387 1198 1685 1271 peroravit.
1732 1198 1941 1274 Cujus⁷
1987 1199 2069 1254 in-

495 1292 654 1367 quit,
680 1294 881 1350 veritas
905 1303 968 1349 ut
990 1295 1149 1352 vobis
1181 1305 1425 1369 constet,
1459 1298 1727 1355 immotus
1755 1299 1900 1355 inter
1934 1300 2068 1358 istos

493 1394 651 1470 ignes
699 1394 772 1451 ad
822 1404 1132 1455 extremum
1188 1417 1368 1475 usque
1415 1399 1675 1475 spiritum
1725 1399 1909 1458 stabo,
1957 1401 2068 1459 Vos

494 1495 679 1553 Deum
723 1496 878 1555 hunc
918 1518 1021 1575 pro
1064 1518 1194 1556 vero
1231 1509 1286 1556 et
1327 1499 1445 1557 solo
1479 1501 1723 1558 Numine
1763 1500 2064 1575 habetote,

495 1600 596 1677 qui
627 1608 839 1657 tantam
870 1602 985 1658 suis
1023 1600 1409 1659 fortitudinem
1441 1612 1496 1659 et
1525 1604 1891 1660 constantiam
1926 1604 2070 1681 aspi-

493 1710 601 1758 rat.
642 1701 795 1758 Dixit
835 1711 890 1759 et
923 1721 1135 1760 sacram
1175 1703 1540 1781 reliquiarum
1574 1704 1794 1762 thecam
1832 1707 2067 1765 circum-

493 1801 652 1859 dedit
680 1802 854 1877 collo,
887 1803 1194 1882 dextraque
1223 1804 1417 1882 palum
1451 1806 1743 1885 amplexus
1765 1807 1845 1863 illi
1867 1808 2069 1867 affixus

493 1904 657 1964 haesit
698 1908 873 1965 instar
922 1916 1120 1965 statuae
1170 1927 1527 1981 marmoreae,
1584 1908 1808 1967 nullum
1860 1909 2069 1969 doloris

496 2009 721 2085 signum
764 2009 970 2084 edens,
1016 2010 1106 2067 vel
1140 2011 1387 2088 gemitU‚
1428 2010 1517 2068 vel
1549 2021 1707 2068 motu
1747 2012 2065 2084 levissim0‚

497 2110 928 2187 crepitantibus,
962 2131 1091 2188 quae
1119 2131 1320 2169 novem
1352 2113 1562 2170 circum
1596 2111 1842 2190 pedibus
1874 2113 2068 2172 adsta-

494 2210 638 2269 bant
669 2212 948 2287 flammis,
995 2233 1059 2271 ac
1093 2214 1247 2271 vivos
1290 2223 1444 2272 artus
1474 2214 1624 2271 lenta
1653 2224 1832 2272 morte
1865 2214 2072 2292 depas-

497 2313 778 2372 centibus.
839 2315 1034 2371 Parem
1091 2315 1458 2371 constantiam
1502 2318 1620 2391 ejus
1663 2334 1825 2388 uxor,
1886 2315 2070 2373 subli-

495 2416 689 2474 mibus
729 2417 972 2492 vestigiis
1013 2419 1162 2474 cruci
1197 2417 1360 2474 affixa
1389 2437 1505 2495 prae
1540 2437 1597 2475 se
1640 2418 1789 2476 tulit.
1827 2417 2070 2477 Alterius

498 2517 797 2577 Christiani
837 2519 1013 2576 virtus
1035 2563 1049 2591 a
1088 2518 1286 2577 Leonis
1321 2521 1568 2592 nomini⁷
1605 2519 1760 2596 quod
1799 2519 2064 2596 gerebat,

498 2630 869 2677 consentanea
903 2619 1077 2678 eluxit
1114 2622 1173 2677 in
1207 2640 1379 2698 regno
1403 2621 1678 2678 Saxumae.
1714 2621 1874 2698 Saepe
1901 2622 2068 2678 inter-

494 2721 739 2798 pellatus
762 2767 776 2795 ,
814 2732 878 2780 ut
913 2723 986 2780 ad
1021 2722 1174 2800 vulgi
1211 2722 1417 2780 rediret
1451 2743 1634 2795 sacra7
1687 2722 2067 2798 omnibusque

494 2832 743 2882 tentatus
774 2824 977 2897 modis7
1002 2825 1142 2903 eripi
1165 2825 1272 2883 sibi
1294 2826 1465 2882 vitam
1487 2844 1650 2902 posse
1674 2824 1845 2896 dixit,
1870 2823 2064 2880 Fidem

496 2943 612 2981 non
661 2945 857 3002 posse⁷
918 2927 1034 2983 viro
1083 2926 1262 2983 nobili
1321 2926 1735 2984 formidandam
1786 2945 1899 2982 non
1949 2945 2069 2984 esse

495 3036 767 3102 mortem7
799 3031 1104 3106 optandam
1147 3030 1482 3088 Christiano,
1529 3030 1616 3085 Sic
1664 3028 1886 3085 locutus
1927 3047 2064 3085 auro

496 3128 673 3206 pictas
715 3130 900 3187 induit
947 3141 1156 3202 vestes,
1203 3139 1257 3187 et
1300 3129 1508 3186 familia
1547 3129 1753 3186 valere.
1762 3133 1955 3206 jussa,
2002 3131 2062 3185 in

497 3232 786 3310 publicam
830 3215 978 3292 ultre>
1026 3230 1254 3312 prodiit.
1317 3231 1403 3292 Ibi
1460 3231 1726 3310 depositis
1775 3230 1961 3310 gladio
2010 3236 2066 3287 et
