2210 3651
515 252 591 312 38
1176 269 1419 307 EPITOME

513 393 724 431 annum
758 374 1042 452 praecipua
1076 371 1363 430 celebrant
1394 370 1672 427 hilaritate
1700 388 1765 425 ac
1791 367 2081 445 religione.

515 475 814 535 Christiani
854 485 1159 553 augustum
1196 474 1331 532 Jesu
1366 492 1603 544 nomen,
1648 470 1817 527 radiis
1857 479 1912 527 et
1949 487 2086 526 auro

515 588 839 636 coronatum
858 623 872 651 7
897 578 1106 635 aedium
1138 597 1366 634 suarum
1384 576 1572 654 januis
1594 575 1894 632 affixerunt
1913 618 1927 646 ,
1962 592 2089 630 con-

516 681 842 739 sistentibus
886 680 958 736 ad
1007 678 1314 757 spectaculi
1364 679 1667 736 novitatem
1711 676 1977 748 ethniciS‚
2033 684 2090 732 et

514 784 652 861 quid
694 783 934 841 nominis
978 783 1039 839 id
1082 791 1262 855 esset7
1310 782 1450 838 dum
1500 779 1705 857 cupide
1755 779 2088 855 inquirunt,

513 884 726 942 utiliter
763 885 1149 943 audientibus.
1197 886 1277 942 Ita
1321 882 1662 962 procedebat
1691 880 2090 938 fecundissimo

516 1006 685 1044 cursu
713 987 937 1066 religiO,
963 992 1198 1066 jamque
1228 1006 1293 1044 eo
1323 996 1652 1064 pervenerat
1682 984 1865 1042 fidelis
1894 983 2093 1062 populi

514 1111 786 1149 numerus
813 1093 872 1148 in
900 1092 1045 1149 urbe
1085 1091 1307 1168 imperii
1344 1090 1636 1167 primaria7
1678 1097 1742 1145 ut
1772 1087 1853 1143 illi
1882 1106 2096 1164 angus-

513 1194 623 1250 tior
644 1214 797 1252 sacra
827 1195 977 1253 aedes
1007 1204 1172 1252 esset.
1204 1194 1381 1271 Igitur
1416 1191 1664 1268 amplam
1695 1189 1929 1247 domum
1965 1191 2097 1247 coe-

514 1296 618 1350 mit
653 1296 905 1369 Riccius,
944 1296 1216 1372 illamque
1240 1292 1507 1371 singulari
1536 1291 1812 1348 beneficio
1843 1290 2099 1348 urbanus

514 1404 725 1473 praetor
746 1397 1057 1454 immunem
1086 1398 1145 1453 in
1168 1405 1507 1473 perpetuum
1539 1413 1660 1451 esse
1690 1392 1869 1449 voluit
1893 1412 2062 1451 censu
2080 1437 2095 1466 ‚

516 1518 688 1582 quem
718 1499 870 1575 regio
898 1499 1034 1556 fisco
1072 1498 1307 1555 aedificia
1339 1497 1526 1554 omnia
1554 1493 1750 1551 Pekini
1790 1495 2093 1571 pensitant.

515 1600 651 1658 Pars
679 1604 799 1678 ejus
832 1603 1014 1679 prima
1048 1600 1261 1678 templo
1286 1599 1511 1656 addicta
1539 1597 1650 1654 fuit
1670 1641 1684 1670 7
1718 1596 1890 1653 altera
1913 1595 2101 1653 Sacer-

516 1702 779 1777 dotibus⁷
817 1706 980 1762 tertia
1024 1714 1269 1782 quatuor
1320 1703 1636 1776 tironibus⁷
1684 1703 1783 1779 qui
1833 1701 1906 1759 ad
1956 1721 2099 1780 opus

514 1803 912 1882 Evangelicum
954 1806 1370 1880 formabantur,
1410 1806 1676 1883 magistro
1713 1805 1778 1862 P.
1825 1805 2095 1862 Ferreira.

514 1904 848 1985 Augebatur
887 1911 947 1966 in
981 1909 1099 1968 dies
1136 1911 1345 1988 pariter
1384 1909 1698 1967 Nanchami
1740 1910 1964 1987 piorum
1999 1929 2102 1965 nu-

514 2031 728 2069 merus.
793 2012 1176 2091 Memorabilis
1220 2014 1431 2071 exstitit
1472 2022 1728 2070 matrona
1774 2011 2102 2088 cumprimis

513 2113 670 2173 dives
724 2136 788 2173 ac
833 2116 1166 2193 splendida7
1221 2135 1351 2193 quae
1393 2119 1512 2192 jam
1563 2115 1848 2172 decimum
1887 2134 2101 2171 annum

514 2216 765 2275 oleribus
807 2219 1099 2275 victitabat
1138 2220 1194 2274 in
1240 2218 1513 2276 honorem
1552 2237 1782 2276 suorum
1825 2217 2096 2274 Deorum.

514 2319 630 2376 Ubi
681 2319 1053 2378 Christianam
1102 2321 1363 2396 cognovit
1413 2328 1468 2376 et
1509 2327 1699 2377 secuta
1757 2318 1939 2395 legem
1978 2327 2098 2392 est,

516 2441 781 2498 magnam
813 2420 1244 2479 simulacrorum
1274 2441 1341 2478 ex
1378 2440 1539 2495 auro7
1574 2430 1834 2498 argentO,
1861 2428 1915 2477 et
1949 2419 2102 2496 ligno

516 2531 730 2581 struem
762 2524 1025 2582 Patribus
1068 2523 1536 2581 concremandam
1578 2522 1786 2579 attulit.
1828 2522 1938 2579 Sed
1968 2521 2105 2579 nul-

515 2623 638 2680 lum
669 2626 873 2684 certius
897 2635 1126 2683 mutatae
1159 2628 1361 2685 mentis
1392 2626 1798 2684 documentum
1822 2625 2099 2703 praebuit,

517 2748 691 2805 quam
732 2728 1038 2787 laceratum
1081 2728 1332 2807 diploma
1371 2727 1707 2800 ridiculum„
1743 2726 1964 2805 pridem
1994 2727 2102 2804 ipsi

517 2849 549 2886 a
580 2831 798 2889 Bonziis
836 2833 958 2889 auri
990 2851 1194 2908 magno
1231 2830 1479 2909 pondere
1509 2829 1834 2903 venditum,
1870 2847 1983 2905 quo
2020 2846 2103 2885 sa-

520 2932 709 3011 crilegi
732 2934 1045 2993 nebulones
1071 2934 1333 2992 muliebri
1357 2933 1644 3011 opulentia
1672 2941 1726 2989 et
1749 2929 2103 3007 simplicitate

518 3036 592 3093 ad
642 3048 924 3113 quaestum
975 3038 1276 3095 abutentes
1327 3036 1776 3115 pollicebantur,
1834 3031 1953 3089 fore
2005 3041 2099 3103 ut,

521 3138 675 3196 obita
708 3149 915 3213 morte„
949 3139 1290 3197 inoffensum
1322 3159 1422 3216 per
1453 3137 1650 3195 callem
1687 3144 1836 3197 recta
1858 3133 2102 3191 evolaret

523 3243 594 3300 ad
638 3243 904 3322 Superos.
938 3243 1130 3301 Patres
1161 3241 1483 3320 diplomatis
1513 3239 1688 3317 inepti
1725 3238 1879 3311 loco7
1927 3254 2097 3313 spon-
