2210 3651
494 253 768 292 fflsromAE
808 256 1128 297 socm‘rA'rls
1171 264 1324 304 JEstJ.
1624 251 1702 309 75

145 352 470 426 cognatione
504 356 816 433 attingeret.
857 358 932 415 Ut
963 363 1284 437 percrebuit
1320 366 1465 426 fama
1498 370 1705 431 nobilis

144 449 437 509 Christiani
468 457 878 536 principisque,
913 462 1099 518 mirari
1129 482 1320 522 omnes
1344 486 1408 523 ac
1431 469 1501 525 de
1530 472 1705 547 ipsius

139 552 431 613 nobilitate
474 557 768 635 diligenter
816 562 1124 639 inquirere3
1181 575 1348 624 testes
1390 568 1463 624 ab
1510 570 1704 629 ultima

139 673 319 732 usque
349 658 566 737 Europa
590 664 775 739 petiti,
810 674 865 721 et
889 667 1201 724 testimonia
1225 669 1468 745 publicis
1497 672 1705 732 tabulis

82 761 85 764 ⁴
139 760 492 837 consignata,
538 763 677 820 nihil
715 765 959 844 denique
1002 770 1307 844 omissum,
1353 781 1417 829 ut
1454 776 1573 849 ejus
1601 794 1705 831 na-

135 856 273 916 tales
328 870 397 917 et*
440 865 687 941 stirpem·
730 870 892 927 certis
955 874 1297 948 argumentis
1359 874 1703 952 exploratam

133 955 427 1019 haberent.
461 964 764 1042 Postquam
796 969 903 1027 hoc
932 974 1261 1049 primarium
1286 985 1455 1052 caput
1477 976 1704 1034 abunde

128 1058 434 1134 probatum
485 1064 620 1140 fuit,
674 1090 858 1148 neque
910 1075 1224 1151 quidquam
1277 1078 1424 1135 Patri
1477 1081 1702 1139 Nobilio

132 1177 261 1216 cum
302 1162 524 1224 Paravis
561 1178 616 1225 et
652 1171 805 1248 vulgi
842 1172 977 1233 faece
1012 1181 1326 1236 commercii
1361 1182 1704 1241 intercedere

131 1262 416 1335 cognitum
448 1276 553 1339 est,
586 1270 654 1326 ad
690 1291 817 1330 eum
849 1277 1192 1337 audiendum
1219 1302 1474 1359 proceres
1505 1286 1703 1343 Brach-

128 1380 436 1441 manesque
478 1374 806 1432 convenere.
845 1378 997 1448 Quos
1027 1380 1122 1438 ille
1161 1385 1390 1441 comiter
1424 1387 1702 1463 excipiens

126 1462 198 1517 acl
228 1470 610 1541 cognoscenda
649 1494 792 1530 verae
823 1496 887 1533 ac
917 1498 1077 1536 novae
1108 1481 1400 1560 theologiae
1440 1491 1701 1565 mysteria

122 1561 396 1624 invitavit.
444 1570 836 1649 Suspiciebant
878 1583 1142 1656 majorem
1185 1583 1239 1638 in
1274 1587 1538 1661 modum,
1574 1598 1700 1647 tan-

123 1674 235 1722 tam
276 1669 333 1725 in
376 1670 601 1731 homine
649 1676 922 1756 Europaeo
969 1683 1251 1740 vernaculi
1299 1690 1569 1747 sermonis
1613 1689 1702 1748 fa-

127 1767 422 1844 cultatem,
473 1794 587 1831 non
631 1796 789 1837 secus
841 1801 905 1838 ac
955 1783 998 1840 si
1046 1785 1229 1843 media
1267 1788 1326 1844 in
1370 1788 1605 1848 Madura
1643 1801 1700 1850 et

120 1870 249 1927 aula
283 1873 480 1934 fuisset
514 1879 786 1941 educatus
825 1906 836 1940 :
872 1886 1244 1948 eruditionem
1278 1912 1408 1950 vero
1445 1895 1503 1951 in
1541 1896 1698 1954 nulla

119 1969 388 2033 doctrinae
424 1978 631 2038 Indicae
668 1995 826 2059 parte
864 1987 1088 2046 rudem.

282 2078 433 2137 Inter
500 2083 904 2161 Brachmanes‚
970 2111 1149 2148 unum
1219 2097 1570 2157 attentiorem
1640 2108 1696 2156 et

117 2181 551 2240 commodiorem
590 2196 818 2260 nactus,
858 2209 988 2246 eum
1027 2192 1135 2248 sibi
1175 2195 1486 2252 conciliavit
1522 2199 1695 2277 expli-

117 2279 309 2338 candis
360 2281 574 2360 aliquot
622 2288 892 2346 naturalis
943 2291 1317 2371 philosophiae
1361 2317 1425 2354 ac
1469 2299 1691 2357 mathe-

115 2382 332 2438 maticae
381 2388 594 2445 arcanis
637 2410 649 2445 ε
707 2410 836 2447 mox
891 2392 1075 2450 eidem
1126 2396 1452 2472 symbolum
1502 2399 1688 2478 Apos-

114 2481 358 2541 tolorum
414 2478 751 2565 explanavit.
813 2494 1024 2553 Rerum
1083 2499 1328 2556 novitate
1385 2504 1686 2560 attonitum

113 2592 169 2639 et
210 2585 395 2644 doceri
445 2594 758 2668 cupientem
812 2596 1035 2653 induxit
1076 2599 1130 2654 in
1177 2601 1376 2657 seriam
1429 2603 1688 2680 disputa-

112 2684 350 2762 tionem,
404 2692 778 2772 disseruitque
822 2697 1083 2774 pluribus
1133 2699 1204 2757 de
1248 2703 1365 2759 Deo
1415 2724 1560 2778 unc,
1616 2706 1687 2764 de

114 2788 315 2845 mundi
351 2793 589 2869 origine7
623 2796 694 2853 de
729 2800 1058 2875 primigenia
1091 2802 1286 2880 culpa,
1326 2803 1396 2861 de
1431 2818 1686 2882 reparato

112 2908 213 2965 per
269 2891 553 2951 Christum
612 2897 770 2956 orbe.
841 2901 1267 2980 pythagoricam
1337 2916 1685 2986 metempsy-

115 2989 362 3066 chosim,
418 3016 589 3072 quam
639 2999 776 3058 Inde
825 3002 939 3060 fere
989 3024 1180 3065 omnes
1226 3008 1508 3066 mordicus
1560 3030 1684 3065 am-

112 3089 466 3170 plectuntur,
511 3103 794 3180 praecipue
843 3105 1128 3165 refutavit.
1186 3109 1262 3166 Eo
1314 3110 1542 3167 demum
1593 3130 1681 3169 res

113 3194 316 3269 evasit,
349 3207 413 3254 ut
447 3201 624 3262 victus
659 3204 1030 3268 Brachmanes
1068 3230 1126 3268 se
1160 3211 1499 3287 discipulum
1533 3211 1680 3269 ultro
