2210 3651
506 284 624 345 100
1153 304 1393 344 EPITOME

178 481 187 490 ⁶
229 419 471 492 Progressus
505 425 591 467 ses
640 427 770 467 cum
819 408 1087 466 adversus
1154 407 1434 484 Hispanos
1493 417 1763 485 perpetua
1815 414 2069 484 gererent

175 483 470 537 ¹¹³Ph¹¹¹ppm¹⁸
504 508 689 583 bella,
743 511 834 567 vix
882 509 1065 566 ullum
1116 507 1368 584 religioni
1420 508 1604 566 locum
1657 509 1888 565 dabant.
1948 507 2072 564 Hoc

504 615 731 673 tandem
761 631 906 671 anno
936 611 1146 669 feroces
1181 611 1395 668 animos
1425 621 1480 667 et
1507 610 1806 668 indomitos
1844 608 2070 666 deside-

505 717 652 774 rium
687 716 838 792 pacis
879 723 933 772 et
976 714 1072 769 otii
1114 712 1308 770 subiit.
1359 710 1561 767 Xolani
1601 711 1787 769 foedus
1831 719 1886 768 et
1928 709 2073 765 ami-

507 819 692 875 citiam
735 817 901 893 primi
931 815 1304 892 expetierunt.
1343 815 1546 873 Missus
1587 813 1816 888 fetialis7
1861 814 2073 870 litteras

505 922 672 996 Regis
697 919 783 977 sui
806 917 1057 976 recitavit
1085 918 1143 973 in
1167 917 1352 974 medio
1375 917 1752 994 Hispanorum
1784 934 2068 973 consessu·

504 1022 808 1080 Praefectus
843 1021 1107 1097 Hispanae
1146 1018 1333 1076 classis
1370 1020 1550 1096 capita
1586 1018 1819 1076 feriendi
1853 1016 2078 1075 foederis

505 1127 828 1206 proposuit7
884 1145 1012 1202 quae
1053 1145 1084 1180 a
1127 1123 1475 1180 Xolanorum
1519 1121 1702 1199 legato
1744 1120 1982 1199 probata
2022 1127 2079 1176 et

506 1230 792 1305 utrimque
816 1224 1181 1303 jurejurando
1210 1225 1429 1281 firmata
1461 1233 1612 1281 sunt.
1650 1224 1849 1278 Ratam
1877 1220 2081 1277 habuit

508 1351 704 1409 pacem
745 1329 930 1404 regius
966 1327 1418 1403 Philippinarum
1451 1333 1710 1396 senatus7
1755 1333 1811 1380 et
1840 1323 2083 1399 Evange-

509 1432 630 1490 licis
659 1429 1020 1488 missionibus
1045 1447 1223 1485 novus
1247 1436 1474 1504 apertus
1503 1434 1586 1482 est·
1610 1443 1862 1501 campus,
1889 1423 2086 1481 Exem-

509 1534 673 1612 plum
714 1531 1062 1589 Xolanorum
1096 1529 1270 1587 secuti
1314 1535 1444 1586 sunt
1489 1525 1679 1603 Aytae7
1726 1525 1876 1581 natio
1917 1525 2085 1601 plane

511 1634 785 1706 barbara,
855 1630 1177 1688 belluarum
1247 1649 1402 1686 more
1468 1626 1652 1705 sylvas
1721 1644 2080 1684 concursans.

511 1735 767 1793 Praedam
797 1734 945 1791 nacti
982 1742 1186 1791 venatu
1217 1742 1436 1811 partam
1466 1741 1564 1789 aut
1592 1732 1809 1809 piscatu
1828 1775 1842 1804 7
1890 1731 2090 1801 tandiu

517 1838 828 1895 consistunt
862 1835 932 1892 in'
956 1828 1153 1893 eodem
1195 1835 1318 1892 loco
1364 1834 1501 1891 dum
1539 1853 1603 1890 ea
1633 1831 1907 1889 vescendo
1950 1851 2090 1888 con-

518 1948 763 2016 sumpta.
815 1939 1048 1996 Noctem
1100 1946 1291 1994 aestate
1333 1935 1551 1993 ducunt
1592 1935 1830 1992 acclines
1872 1934 2089 1992 arboris

517 2054 747 2114 trunco7
780 2049 836 2098 et
861 2040 1030 2096 ramis
1061 2038 1299 2116 protecti
1331 2059 1342 2094 :
1375 2036 1578 2115 hyeme
1608 2035 1963 2093 luculentum
1994 2055 2093 2093 ac-

518 2142 769 2200 cendunt
797 2142 1018 2219 ignem3
1054 2141 1264 2198 cineres
1286 2139 1418 2196 hinc
1447 2148 1617 2215 atquc
1645 2137 1775 2194 inde
1805 2145 2088 2209 amovent,

519 2253 575 2302 et
603 2243 841 2301 humum
872 2244 929 2299 in
960 2243 1146 2300 medio
1189 2240 1510 2298 calefactam
1541 2257 1644 2315 pro
1674 2238 1817 2294 lecto
1847 2237 2090 2311 habent,

519 2366 832 2424 prunarum
882 2343 1029 2402 vallo
1081 2343 1370 2419 utrimque
1421 2341 1584 2417 septi.
1648 2339 1899 2396 Mortuos
1947 2339 2097 2416 abji-

522 2450 678 2508 ciunt
717 2448 1061 2526 insepultos,
1099 2466 1283 2504 escam
1324 2443 1553 2501 alitibus
1589 2462 1667 2498 ae*
1690 2440 1820 2498 feris
1862 2463 1873 2496 :
1914 2459 2098 2516 aegro-

522 2560 607 2608 tos
635 2551 841 2627 pariter
869 2549 950 2605 ibi
991 2548 1333 2619 destituunt7
1375 2545 1477 2602 ubi
1507 2542 1739 2600 morbus
1770 2541 1895 2599 illos
1924 2561 2096 2599 occu-

520 2652 766 2730 paverit,
813 2650 1033 2707 modico
1079 2649 1205 2707 cibo
1251 2648 1526 2725 apposito,
1575 2645 1726 2703 Bella
1764 2664 2098 2723 pugnasque

523 2753 780 2810 nesciunt
825 2774 837 2808 ε
892 2753 937 2810 si
981 2751 1120 2829 quid
1162 2751 1339 2807 oritur
1373 2749 1544 2827 jurgii
1592 2769 1719 2805 cum
1766 2749 1958 2805 vicinis
2001 2767 2100 2824 po-

526 2853 674 2930 pulis
696 2899 709 2926 ,
750 2853 936 2912 hostes
970 2854 1186 2912 insidiis
1222 2853 1474 2929 excipere
1510 2859 1811 2924 conantura
1852 2851 2098 2927 satisque

481 2951 487 2955 ’
529 2955 637 3014 sibi
679 2955 888 3013 factum
941 2966 1171 3034 putant,
1237 2956 1282 3013 si
1325 2953 1636 3029 cujuspiam
1693 2970 1765 3008 ex
1808 2950 1918 3008 illis
1960 2970 2101 3028 prae-

528 3058 707 3115 cisum
750 3067 919 3134 caput
964 3057 1183 3114 auferre
1224 3056 1459 3133 possint.
1515 3052 1905 3111 Mindanenses
1951 3070 2098 3108 anno

530 3167 751 3215 tantum
810 3160 1063 3235 sequenti
1117 3158 1189 3215 ad
1238 3175 1431 3234 pacem
1481 3164 1535 3212 et
1566 3153 1850 3211 Christum
1910 3171 2100 3210 acces-

531 3278 672 3318 sere.
704 3260 901 3337 Neque
933 3261 1119 3319 minus
1150 3257 1382 3337 periculi
1412 3265 1467 3316 et
1496 3255 1646 3313 exitii
1681 3254 1905 3313 creabat
1946 3252 2095 3311 natio
