2210 3651
420 283 693 321 ms'romffi
734 278 1051 319 soclETATIS
1093 282 1246 322 JESU.
1527 265 1639 324 187

89 406 187 446 seu
246 387 402 446 Nova
452 387 711 458 Francia,
764 384 952 443 sedem
1002 402 1243 461 ponere,
1312 395 1645 463 gentemque

91 489 390 548 barbaram
441 498 496 546 et
541 509 573 545 a
623 498 704 544 tot
752 487 950 545 seculis
1003 485 1271 542 incultam
1323 485 1645 547 Christianis

84 592 376 668 praeceptis
435 592 730 648 instruere.
791 589 1067 646 Venerant
1127 585 1331 643 auxilio
1388 586 1647 647 Patribus

85 691 476 767 Evangelicum
513 711 655 769 opus
690 692 770 747 ibi
807 689 1138 747 facientibus
1170 688 1233 744 P.
1271 688 1571 759 Quintinus
1594 699 1649 746 et

84 792 274 850 Frater
307 794 591 852 Gilbertus
633 794 867 863 Thetus7
910 811 1037 847 curn
1074 789 1237 868 Angli
1272 800 1475 868 praeter
1508 790 1652 847 hanc

86 891 355 951 Americae
395 895 615 972 plagam
653 894 773 951 vela
803 893 1086 966 facientes7
1120 895 1434 970 praetoriam
1472 892 1654 949 Gallo-

84 1012 212 1050 rum
234 997 416 1052 navim
441 1015 582 1072 pene
612 1014 842 1051 vacuam
873 996 1019 1050 nacti
1037 1039 1050 1066 ,
1090 995 1382 1052 classiariis
1410 995 1469 1049 in
1498 993 1653 1050 littus

85 1095 346 1171 digressis
394 1107 522 1174 post
564 1096 684 1154 leve
722 1105 1001 1154 certamen
1036 1105 1451 1174 expugnarunt.
1494 1095 1558 1151 In
1591 1113 1656 1152 eo

88 1200 355 1257 conflictu
386 1200 673 1257 Gilbertus
708 1199 920 1256 Thetus
958 1198 1246 1256 confossus
1280 1197 1471 1254 lhetali
1495 1196 1656 1274 plaga

83 1301 355 1377 postridie
404 1302 690 1357 occubuit.
740 1300 919 1356 Ceteri
954 1300 1143 1357 Patres
1187 1299 1284 1375 qui
1330 1297 1401 1354 ad
1441 1297 1656 1355 hostem

85 1401 535 1479 propulsandum
575 1420 703 1456 cum
751 1399 1117 1455 tumultuaria
1159 1397 1446 1453 Gallorum
1485 1417 1657 1453 manu

87 1501 161 1558 ad
202 1502 360 1558 littus
417 1500 836 1571 confluxerant,
895 1508 1170 1556 venerunt
1216 1500 1276 1555 in
1326 1509 1656 1575 potestatem

88 1602 299 1682 Argalli
322 1604 577 1660 Praetoris
599 1601 785 1678 Angli.
812 1600 936 1673 Ille,
969 1599 1107 1656 dum
1130 1601 1433 1676 expugnati
1456 1602 1659 1677 navigii

92 1705 344 1783 praedam
399 1725 464 1762 ac
525 1703 929 1783 supellectilem
986 1710 1267 1758 scrutatur
1315 1710 1370 1757 et
1413 1703 1657 1777 excutit,

91 1806 368 1866 subduxit
394 1817 511 1864 arte
547 1806 870 1863 veteratoria
903 1824 935 1861 e
975 1803 1176 1861 scrinio
1220 1801 1364 1858 Galli
1406 1802 1664 1860 Praetoris

93 1908 340 1985 diploma
369 1909 536 1984 Regis
573 1906 1061 1978 Christianissimi,
1102 1923 1214 1981 quo
1254 1906 1456 1963 missus
1496 1906 1568 1962 ab
1599 1925 1665 1963 eo

92 2011 154 2066 in
206 2009 488 2066 Canadam
548 2029 767 2067 summa
825 2027 953 2065 cum
1012 2014 1284 2083 potestate
1343 2004 1656 2063 dicebatur.

93 2110 225 2169 Mox
247 2111 431 2187 ipsum
463 2110 764 2167 Praetorem
788 2129 883 2166 ore
904 2109 1047 2165 truci
1073 2106 1437 2184 compellans7
1464 2106 1667 2182 quaerit

95 2230 209 2289 quo
232 2214 360 2287 jure
394 2211 674 2268 Canadam
703 2214 773 2269 sit
800 2213 1106 2288 ingressuS‚
1132 2229 1243 2285 qua
1273 2208 1447 2266 fretus
1469 2218 1666 2265 aucto-

95 2313 260 2370 ritate
288 2312 549 2370 moliatur
577 2312 796 2370 domos.
837 2312 1162 2390 Respondet
1189 2311 1284 2369 ille
1312 2313 1370 2368 in
1399 2322 1667 2390 promptu

98 2421 156 2470 et
182 2414 241 2469 in
270 2414 470 2470 scrinio
501 2433 602 2471 sno
629 2434 748 2471 esse
777 2414 944 2491 Regis
985 2415 1068 2472 sui
1102 2413 1381 2491 diploma,
1408 2433 1520 2491 quo
1553 2423 1668 2471 tota

99 2517 314 2575 colonia
354 2520 643 2575 niteretur.
693 2517 942 2574 Offertur
983 2515 1065 2573 illi
1105 2517 1369 2573 scrinium
1412 2517 1516 2572 rite
1560 2515 1671 2572 ob-

99 2629 345 2679 seratum
367 2664 382 2692 ,
447 2619 695 2696 diploma
756 2618 980 2675 nullum
1056 2619 1336 2695 apparuit.
1412 2615 1670 2693 Argallus

101 2722 426 2802 praedonem
458 2730 514 2778 et
542 2720 840 2797 fugitivum
882 2719 1267 2792 conclamans7
1301 2738 1493 2776 necem
1527 2738 1672 2775 com·

104 2826 373 2883 meruisse
419 2825 778 2901 pronuntiat,
837 2821 1119 2898 simulque
1168 2821 1354 2877 navim
1397 2807 1672 2878 militibus

107 2927 221 2984 suis
252 2925 619 3004 diripiendam
647 2925 836 2981 tradit.
869 2925 1059 2981 Patres
1089 2923 1385 2980 obsecrant
1422 2931 1484 2978 ut
1516 2922 1671 2978 victis

106 3026 350 3103 benigne
378 3027 631 3086 consulat
666 3050 678 3084 ε
707 3026 900 3083 datum
932 3026 1104 3084 fuisse
1134 3024 1381 3103 diploma
1402 3070 1416 3099 .,
1448 3026 1552 3082 rite
1575 3023 1672 3079 ob-

109 3127 421 3204 signatum,
453 3129 593 3186 nihil
627 3130 729 3187 nisi
766 3128 836 3185 de
869 3128 1036 3206 Regis
1070 3127 1521 3185 Christianissimi
1554 3142 1672 3179 sen-

111 3229 283 3286 tentia
330 3239 386 3286 et
441 3233 766 3288 auctoritate
823 3240 1042 3308 gestum
1102 3238 1394 3287 testantur.
1462 3223 1671 3300 Anglus
