2210 3651
542 275 663 344 212
1198 297 1440 336 EPITOME
1501 347 1511 356 ι

540 400 831 480 pugnandi
870 399 1090 476 studi0,
1127 402 1226 461 sed
1262 401 1634 480 cognoscendi>
1659 403 1773 461 veri
1803 402 2107 481 cupiditate

536 506 869 584 perlegeret.
902 506 1052 564 Fecit
1088 527 1100 561 ε
1134 514 1312 582 utque
1352 515 1468 563 erat
1502 506 1723 583 ingenio
1758 505 2009 578 liberali,
2047 513 2108 562 et

535 609 844 686 perspicaci
891 608 1011 665 aliis
1061 605 1269 679 oculis,
1331 605 1437 662 alia
1492 617 1678 665 mente
1740 605 2108 665 consideravit

535 709 833 787 utriusque
883 709 1151 766 doctrinae
1205 717 1520 781 momenta,
1573 718 1628 766 et
1674 709 1818 766 inter
1873 727 1932 766 se
1989 707 2107 764 sine

534 809 736 869 fraude
765 833 828 869 ac
857 809 1183 889 praejudicio
1206 828 1532 887 comparans
1552 855 1567 882 ,
1602 830 1767 868 suum
1797 820 1852 867 et
1872 828 2105 869 suorum

530 914 760 988 agnovit
790 933 1054 970 errorem.
1088 913 1432 970 Nemausum
1457 913 1660 988 ipsam,
1686 912 1788 969 ubi
1816 920 2105 987 tamquam

530 1013 758 1072 divinus
797 1013 965 1071 homo
1001 1013 1201 1091 perdiu
1246 1013 1426 1071 fuerat
1461 1014 1720 1087 auditus,
1756 1012 1955 1089 elegit,
1990 1028 2106 1088 quo

529 1115 591 1171 in
629 1114 846 1172 theatro
884 1115 1114 1193 publice
1155 1115 1301 1172 bene
1330 1114 1661 1188 dedeceret,
1696 1116 1851 1192 quod
1878 1113 2107 1192 publice

529 1224 614 1273 tot
662 1235 838 1274 annos
888 1216 1033 1272 male
1092 1216 1378 1272 docuerat.
1436 1217 1642 1274 Verum
1692 1238 1819 1274 cum
1874 1217 2105 1275 insidias

529 1318 658 1375 vitae
689 1337 805 1375 suae
836 1318 976 1375 strui
1010 1338 1041 1374 a
1080 1316 1414 1375 Calvinianis
1453 1318 1828 1394 cognovisset,
1862 1337 2107 1395 quorum

527 1417 686 1476 furor
735 1422 855 1496 ejus
906 1420 1140 1476 domum
1184 1419 1454 1496 diripere,
1508 1418 1776 1476 familiam
1817 1419 2104 1497 lapidibus

528 1530 825 1599 appetere,
869 1519 1098 1580 fratrem
1128 1520 1372 1599 indignis
1410 1520 1682 1579 mulctare
1711 1521 1892 1578 modis
1927 1540 2107 1599 coepe-

526 1635 648 1700 rat,
701 1627 875 1684 evasit
923 1626 1206 1684 Nemauso
1266 1623 1408 1687 clam
1462 1623 1535 1680 ad
1584 1621 2102 1700 BelliquadrenseS,

526 1729 682 1806 apud
733 1748 875 1805 quos
932 1707 1119 1785 tutum
1164 1736 1362 1784 nactus
1412 1725 1762 1803 perfugium,
1824 1726 2105 1803 insignem

528 1828 883 1888 elucubravit
932 1827 1226 1901 libellum,
1279 1847 1393 1905 quo
1443 1827 1576 1884 facti
1619 1828 1713 1885 ⁴sui
1759 1825 2104 1885 luculentem

526 1930 797 1988 rationem
827 1929 1122 1987 reddebat.
1327 2009 1333 2013 ι
1386 2005 1389 2006 7

249 2032 461 2076 Domicilia
693 2031 862 2089 Dedit
901 2031 1010 2088 hoc
1048 2050 1195 2093 anno
1234 2030 1624 2090 Ferdinandus
1656 2031 1927 2090 archidux
1960 2031 2104 2089 Pro-

190 2096 381 2153 fundata,
409 2105 485 2143 Μ’
527 2137 770 2196 bationis
806 2127 1039 2195 domum
1075 2136 1270 2195 Leobii
1307 2158 1319 2193 :
1364 2135 1840 2193 Paderbornensis
1874 2135 2102 2193 antistes

523 2241 942 2299 universitatem
967 2240 1284 2299 studiorum
1315 2239 1371 2294 in
1403 2238 1689 2296 Societatis
1720 2237 1951 2314 collegio
1983 2236 2105 2293 col-

521 2342 745 2401 locavit.
811 2342 1122 2401 Cardinalis
1171 2342 1469 2420 Joyosaeus
1516 2340 1864 2397 Ponti'saram
1913 2338 2102 2398 Socios

520 2444 774 2519 induxit,
828 2445 1104 2523 oppidum
1147 2443 1219 2500 ad
1270 2443 1470 2515 Isarae,
1517 2461 1616 2499 seu
1665 2441 1844 2499 Oesiae
1887 2441 2098 2516 ripam,

521 2545 740 2602 Lutetia
768 2565 883 2602 non
910 2545 1109 2623 procul
1131 2545 1190 2600 in
1219 2562 1352 2621 agro
1384 2561 1725 2620 peramoenO.
1756 2541 1958 2599 Actum
1982 2551 2100 2599 erat

520 2664 668 2702 anno
706 2665 911 2703 Mucxn
943 2645 1013 2702 de
1042 2665 1186 2703 nova
1218 2643 1602 2702 Professorum
1637 2644 1807 2701 domo
1838 2643 2102 2721 ponenda

520 2748 756 2825 Neapoli
798 2749 856 2805 in
890 2747 1011 2805 foro
1055 2749 1320 2805 maximO.
1370 2748 1590 2805 Primus
1632 2746 1774 2824 lapis
1811 2748 1870 2803 in
1900 2746 2100 2804 funda-

520 2859 708 2907 menta
753 2850 1001 2927 dejectus
1036 2851 1204 2907 modo
1236 2850 1361 2908 fuit.
1411 2850 1545 2906 Haec
1579 2848 1782 2906 domus
1817 2858 2009 2925 postea
2037 2849 2097 2904 in

521 2950 820 3026 collegium
851 2962 935 3010 est
967 2973 1268 3026 conversa,
1308 2953 1395 3009 cui
1435 2952 1620 3008 Sancti
1662 2951 1858 3028 Ignatii
1891 2970 2098 3009 nomen

517 3054 864 3129 impositum.
896 3054 1121 3112 Cadunt
1142 3056 1198 3110 in
1222 3055 1374 3111 hunc
1397 3074 1608 3111 annum
1630 3052 1784 3108 initia
1815 3051 2090 3110 Missionis

517 3153 906 3232 Babylonicae,
943 3158 1190 3233 itemque
1220 3155 1447 3213 alterius
1475 3157 1532 3213 in
1555 3153 1904 3231 Mingreliam
1941 3176 1953 3210 ε
1991 3153 2090 3212 sed

519 3275 648 3313 cum
694 3266 932 3334 utraque
968 3258 1189 3335 majoris
1226 3257 1297 3316 sit
1336 3256 1531 3330 molis⁷
1567 3259 1800 3333 ejusque
1833 3275 1962 3333 pars
1996 3272 2090 3331 po-
