2210 3651
532 283 653 342 230
1196 296 1438 334 ΕΡΙΤΟΜΕ

532 405 662 482 legii
692 404 894 481 gratias
930 403 1178 481 primum
1207 400 1460 476 ingentes
1491 396 1609 454 Deo
1645 395 1789 470 egit,
1826 393 1925 471 qui
1956 411 2111 469 prae-

535 506 747 564 clarum
799 505 952 562 hunc
1000 503 1253 561 laborem
1308 499 1565 557 Societati
1608 516 1724 556 suae
1767 496 2111 572 imponeret7

535 609 745 668 deinde
784 609 1008 666 Patrem
1050 604 1382 664 Buzomium
1418 600 1852 679 Neapolitanum
1875 641 1889 670 7
1924 596 2111 653 Theo-

534 713 698 791 logiae
736 714 797 769 in
840 710 1073 787 collegio
1112 708 1392 767 Macaensi
1430 705 1835 784 professorem7
1873 699 2111 775 delegit„

536 819 636 896 qni
679 815 1090 875 Cocincinensis
1137 811 1416 872 Missionis
1466 808 1835 866 fundamenta
1876 807 2110 881 jaceret.

536 918 782 977 Additur
810 918 893 975 illi
924 936 1109 974 comes
1138 916 1202 973 P.
1238 914 1484 972 Didacus
1522 908 1866 980 Carvallins7
1901 905 2118 980 aliquot

536 1041 713 1079 annos
754 1029 1007 1079 versatus
1049 1021 1107 1075 in
1156 1017 1429 1095 Japonia‚
1475 1012 1628 1071 unde
1668 1010 1870 1089 pulsus
1904 1007 1962 1063 in
1997 1004 2119 1062 exi-

536 1123 714 1196 lium,
759 1122 938 1184 Macai
990 1110 1340 1178 considebat.
1396 1116 1583 1175 Ambo
1633 1113 1968 1171 destinatam
2012 1105 2119 1165 sibi

542 1226 840 1284 stationem
883 1224 1115 1280 ineunte
1155 1240 1303 1277 anno
1346 1228 1477 1278 sunt
1518 1217 1774 1295 ingressi.
1823 1214 1903 1273 Ac
1944 1214 2123 1289 Japo-

538 1329 712 1385 nibus
751 1326 985 1404 quidem
1020 1326 1207 1383 statim
1254 1341 1482 1401 operam
1521 1319 1744 1376 navavit
1774 1315 2121 1384 Carvallius3

539 1431 843 1489 Buzomius
867 1430 1120 1487 animum
1151 1426 1225 1484 ad
1247 1425 1704 1484 Cociucinensem
1726 1422 1979 1499 linguam
2004 1438 2127 1496 per-

543 1533 869 1592 discendam
894 1530 1428 1610 cognoscendosque
1458 1526 1639 1603 gentis
1670 1542 1852 1581 mores
1882 1520 2124 1599 appulit.

543 1638 699 1710 Rex,
753 1636 959 1693 divinae
996 1635 1134 1711 legis
1185 1628 1614 1710 promulgandae
1663 1636 1719 1684 et
1769 1621 2131 1683 construendi

544 1738 743 1815 templi
802 1747 1138 1815 potestatem
1202 1734 1449 1811 amplam
1510 1731 1661 1787 fecit.
1717 1728 1830 1784 Ubi
1879 1727 2132 1803 primum

545 1841 847 1919 Buzomiuus
898 1838 1108 1914 linguae
1156 1834 1472 1894 vernaculae
1522 1831 1849 1888 facultatem
1883 1828 2132 1903 aliquam

547 1953 631 2002 est
669 1944 908 2019 adeptus
930 1986 944 2015 ,
974 1941 1254 2017 continuo
1283 1948 1496 1995 veteres
1533 1933 1660 1991 illos
1691 1913 2034 1990 Christianos
2056 1973 2071 2001 ‚
2101 1948 2133 1984 a

548 2044 949 2102 Sacerdotibus
999 2061 1169 2100 naves
1208 2041 1501 2098 Lusitanas
1554 2033 1953 2094 comitantibus
1995 2031 2135 2107 bap-

546 2151 745 2207 tizatos
766 2195 780 2223 ,
815 2146 1093 2220 erudivit7
1134 2155 1190 2203 et
1219 2164 1348 2222 quae
1379 2143 1449 2200 sit
1486 2139 1746 2217 imposita
1778 2134 1983 2194 Christi
2021 2132 2137 2189 cul-

550 2253 771 2311 toribus
799 2251 1026 2309 vivendi
1056 2268 1276 2321 norma,
1310 2245 1523 2302 docuit.
1552 2242 1664 2315 Illi„
1698 2260 1827 2297 cum
1857 2236 2135 2313 indigenis

551 2356 769 2432 aliquot
829 2354 932 2411 Dei
996 2352 1177 2429 legem
1238 2347 1546 2425 amplexis,
1606 2360 1800 2400 recens
1857 2338 2137 2416 templum

550 2457 963 2535 impleverunt,
1024 2456 1253 2529 inquo
1305 2452 1555 2528 primum
1614 2444 1948 2504 sacrificium
2005 2459 2138 2498 vero

551 2563 772 2625 numini
825 2570 909 2617 est
967 2556 1255 2626 oblatum.
1310 2561 1366 2610 et
1416 2549 1675 2607 Ecclesiae
1723 2525 2138 2604 Cociucinensis

551 2662 859 2739 primordia
902 2660 1099 2718 faustis
1135 2655 1422 2714 ominibus
1461 2658 1803 2710 consecrata.

721 2764 859 2820 Tam
901 2762 1162 2819 felicibus
1200 2758 1370 2816 initiis
1401 2756 1670 2813 excitatus
1700 2752 1765 2809 P.
1801 2749 2136 2820 Buzomius7

553 2876 610 2925 et
655 2865 874 2923 aditum
925 2865 998 2922 ad
1039 2864 1206 2940 Regis
1248 2862 1432 2920 filium
1475 2875 1848 2937 proceresque
1901 2841 2137 2923 nactus,

554 2968 680 3026 illos
709 2989 896 3026 amore
929 2967 1166 3026 coelestis
1212 2965 1480 3022 doctrinae
1523 2958 1842 3029 succendit,
1875 2954 2140 3011 alterum-

556 3091 669 3149 que
720 3072 1030 3148 templum,
1089 3090 1219 3127 oum
1263 3067 1548 3125 Societatis
1600 3063 1805 3131 domo⁷
1861 3055 2131 3115 condidit.

559 3177 703 3234 Cum
739 3175 987 3253 primum
1028 3175 1083 3230 in
1129 3172 1273 3230 urbe
1310 3169 1614 3238 Caeciano7
1656 3161 1958 3241 provinciae
1998 3157 2140 3215 Cac-

562 3278 833 3337 cianensis
867 3277 1166 3355 primaria.
1200 3274 1372 3334 verba
1403 3271 1534 3329 fecit
1564 3268 1635 3326 de
1669 3265 1958 3345 suppliciis
1991 3280 2141 3320 sem-
