2210 3651
496 281 770 320 msromffi
811 278 1131 317 socmTA'ns
1174 281 1326 320 JESU.
1610 260 1725 321 133

163 395 567 464 cooptaremur.
604 384 762 440 Hanc
789 401 919 439 vero
950 381 1324 439 conditionem
1347 427 1360 454 ,
1393 384 1524 440 olim
1562 383 1726 442 nobis

159 488 534 566 propositam,
584 485 730 542 ultro
776 483 1208 560 accipiebamus.
1250 482 1548 559 Negotium
1589 504 1725 541 con-

158 588 367 645 fectum
398 588 511 645 fere
529 592 646 665 jam
676 598 730 644 et
760 585 1082 663 expeditum
1102 630 1116 658 7
1151 584 1483 643 Edmundus
1519 587 1726 644 Riche—

158 690 304 762 rius5
337 690 638 747 Facultatis
680 688 1028 766 Theologicae
1058 688 1334 766 Syndicus
1363 687 1718 744 disturbavit.

155 790 395 868 Jamque
426 801 616 848 contra
645 790 970 867 Societatem
1003 790 1346 847 turbulentae
1375 789 1726 846 declamatio-

156 913 255 951 nes
298 895 665 971 parabantur‚
711 914 838 950 cum
870 893 1080 968 Regina
1104 937 1117 964 7
1163 912 1291 968 quae
1330 892 1587 967 Regnum
1623 909 1725 966 pro

156 994 274 1051 filio
323 996 509 1052 adhuc
559 994 853 1071 impubere
895 994 1358 1066 administrabat3
1416 991 1721 1049 tumultum

156 1104 441 1169 metuens7
483 1115 706 1153 causam
737 1094 881 1151 hanc
912 1095 1092 1150 omitti
1126 1094 1292 1171 plane
1306 1096 1507 1171 jussit,
1541 1102 1596 1150 et
1618 1092 1723 1149 fre-

153 1206 373 1254 mentes'
389 1196 731 1254 adversarios
762 1197 1126 1273 compescuit.
1163 1195 1327 1267 Quod
1359 1195 1578 1252 efficere
1597 1195 1721 1251 viva

153 1317 289 1355 voce
329 1318 441 1355 non
491 1306 820 1375 potuerant,
866 1298 924 1353 id
964 1297 1177 1355 famoso
1218 1296 1412 1354 libello
1457 1297 1722 1373 consequi

157 1409 530 1459 tentaverunt.
572 1398 794 1456 Titulus
829 1398 974 1455 libro
1016 1400 1280 1475 praefixus
1321 1407 1438 1455 erat
1474 1395 1724 1453 Antioo-

155 1512 348 1559 tonus,
401 1501 598 1578 Satyra
655 1519 857 1576 nempe
919 1500 977 1554 in
1033 1500 1096 1555 P.
1162 1500 1439 1557 Cotonum
1508 1498 1723 1575 specie-

154 1614 318 1662 tenus
362 1603 662 1674 fabricata7
702 1602 882 1677 reipsa
918 1601 975 1656 in
1012 1600 1337 1658 Societatem
1370 1600 1685 1656 universam
1706 1642 1722 1671 7

155 1727 285 1785 quae
334 1727 435 1783 per
485 1705 678 1763 Cotoni
730 1703 875 1761 latus
924 1703 1243 1779 petebatur.
1299 1702 1725 1778 Magistratuum

154 1809 418 1885 aequitate
458 1806 666 1862 factum
698 1814 780 1862 est
815 1815 879 1861 ut
916 1804 1063 1861 liber
1090 1804 1354 1877 exitialis,
1395 1814 1450 1862 et
1478 1802 1724 1880 publicae

153 1908 389 1967 infestus
413 1907 826 1984 tranquillitati,
860 1906 1083 1963 tortoris
1114 1925 1286 1961 manu
1316 1903 1546 1981 publice
1577 1904 1728 1961 lace-

156 2021 394 2068 raretur.
434 2009 647 2067 Infame
681 2010 948 2086 scriptum
983 2008 1102 2083 ipse
1130 2006 1195 2062 P.
1232 2005 1479 2062 Cotonus
1508 2006 1726 2081 egregie

158 2112 485 2170 confutavit.
561 2111 692 2187 Ejus
756 2129 884 2167 vero
955 2108 1274 2185 praecipuus
1340 2105 1566 2177 artifex,
1627 2106 1726 2181 qui

155 2232 388 2270 manum
454 2211 705 2268 venalem
772 2220 826 2267 et
887 2210 1077 2267 stilum
1135 2208 1372 2264 inimicis
1441 2206 1726 2264 Societatis

159 2314 638 2386 commodaverat,
698 2312 991 2369 calumniae
1053 2312 1378 2387 gravitatem
1443 2310 1728 2388 perspexit

157 2416 480 2476 stimulante
521 2416 885 2485 conscientia,
930 2423 985 2470 et
1019 2413 1382 2471 resarciendae
1425 2412 1588 2469 famae
1623 2433 1728 2469 ne-

157 2521 488 2579 cessitatem.
545 2517 739 2593 Itaque
785 2516 1063 2573 Cotonum
1117 2516 1254 2571 adiit
1303 2514 1575 2591 supplex,
1630 2515 1730 2590 qui

160 2621 430 2697 religiosae
473 2619 834 2675 humanitatis
877 2636 1112 2688 memor,
1153 2615 1727 2693 culpam'aguoscenti

156 2742 251 2781 reo
282 2721 632 2793 condonans7
657 2724 775 2796 ejus
800 2719 1011 2775 nomini
1038 2738 1102 2774 ac
1132 2717 1292 2774 famae
1316 2718 1583 2794 pepercit.

325 2824 429 2895 Qui
466 2822 700 2878 Galliam
726 2830 780 2877 et
820 2820 1147 2877 Societatem
1180 2818 1535 2875 conturbavit
1561 2818 1727 2894 Regis

162 2925 352 2982 obitus
373 2970 386 2997 ,
420 2923 569 2981 idem
601 2922 1212 2999 Constantinopolitano
1237 2923 1517 2979 domicilio
1546 2942 1728 2999 gravis

161 3027 387 3084 exstitit.
406 3026 439 3083 J
443 3025 755 3082 amdudum
783 3025 1114 3082 studuerant
1127 3024 1410 3082 Societatis
1433 3024 1727 3081 adversarii

164 3107 499 3205 persuadere
559 3127 822 3204 primario
880 3126 1233 3203 Imperatoris
1287 3126 1505 3182 Turcici
1548 3124 1732 3179 admi-

170 3228 379 3301 nistro,
411 3246 511 3287 nos
538 3229 912 3307 exploratores
948 3247 1066 3288 esse
1109 3247 1139 3286 a
1180 3228 1432 3285 Romano
1467 3223 1732 3283 Pontifice

1816 1305 2005 1346 ramosus

1761 1368 1919 1409 libellus
1944 1369 2055 1410 Anti-

1759 1439 1942 1476 cotonus.

1846 2831 2050 2873 Turbatur

1686 2924 1695 2933 .
1766 2894 2051 2936 Constantino-

1767 2961 1845 3013 poli
1866 2961 2028 3012 domus„
