2210 3651
437 344 712 382 msTomAE
754 338 1076 378 soclETATls
1121 342 1271 379 Jsssn.
1531 323 1644 379 1925

77 452 234 508 annis
271 448 566 521 barbaros,
603 447 941 524 accipiendis
972 454 1026 503 et
1061 444 1362 502 inferendis
1394 446 1649 504 cladibus

77 552 279 625 fessos,
306 550 377 607 ad
410 571 603 627 pacem
639 559 693 607 et
724 551 900 606 otium
938 566 1154 604 vocare.
1193 544 1258 601 ld
1289 565 1454 622 porro
1482 557 1545 602 ut
1576 547 1650 604 fa-

79 652 238 742 cilius
281 661 715 728 consequeretur
752 660 994 728 quatuor
1044 648 1328 705 Societatis
1375 648 1651 705 domicilia

77 754 135 809 in
164 752 394 810 Chileno
436 773 608 829 regno
646 753 955 809 collocavit.
993 751 1276 821 Primum,
1319 750 1404 805 cui
1450 751 1652 807 deinde

77 854 293 933 collegii
345 876 548 914 nomen
607 856 867 928 accessit,
929 856 986 911 in
1037 854 1180 912 urbe
1231 854 1649 930 Conceptionis3

77 960 316 1017 alterum
351 963 408 1016 in
454 958 663 1036 oppido
705 959 871 1014 Bonae
915 957 1073 1033 Spei,
1120 957 1345 1013 tertium
1382 956 1436 1010 in
1470 954 1654 1013 insula

77 1062 305 1134 Chiloe,
347 1061 498 1129 unde
541 1062 600 1116 in
634 1060 1004 1136 quadraginta
1051 1060 1266 1115 circiter
1305 1059 1545 1115 minores
1576 1059 1656 1112 in-

81 1163 230 1222 sulas
272 1182 497 1240 operam
543 1162 686 1218 Socii
731 1160 1076 1231 diviserunt,
1115 1168 1380 1236 quartum
1413 1158 1657 1235 denique

77 1265 231 1342 apud
262 1264 612 1335 Araucanos,
654 1263 755 1320 ubi
798 1263 1091 1319 stationem
1135 1262 1526 1338 temporariam
1550 1305 1564 1333 ,
1598 1262 1656 1316 in

79 1376 408 1444 perpetuam
453 1364 686 1420 domum
731 1364 1113 1420 commutavit.
1168 1363 1269 1419 His
1307 1372 1549 1437 quatuor
1579 1381 1660 1418 se-

82 1470 254 1527 dibus
279 1467 615 1537 constitutis,
645 1466 840 1521 decem
866 1465 1039 1520 millia
1062 1464 1356 1534 Indorum,
1382 1464 1479 1538 qui
1504 1463 1658 1519 triste

80 1571 367 1630 servitium
416 1567 570 1645 apud
618 1566 782 1623 heros
822 1565 1065 1621 immites
1121 1563 1470 1634 tolerabant,
1517 1581 1659 1620 asse-

81 1673 196 1730 ruit
235 1691 429 1728 mann.
472 1669 630 1725 Hanc
673 1668 821 1725 enim
863 1666 1115 1724 habebat
1159 1687 1191 1723 a
1228 1667 1379 1742 Rege
1421 1674 1660 1742 potesta-

84 1786 196 1833 tem
217 1820 231 1849 ,
280 1778 440 1851 cujus
475 1774 641 1830 etiam
672 1772 897 1828 nomine
927 1780 982 1827 et
1015 1770 1343 1826 auctoritate
1373 1770 1661 1825 avaritiam

83 1877 518 1954 Europaeorum,
585 1883 639 1931 et
704 1872 1092 1930 crudelitatem
1152 1870 1517 1948 compescuit.
1575 1868 1663 1926 Ad

84 1979 232 2036 hanc
274 1977 583 2048 libertatis,
632 1975 975 2043 clementiae,
1020 1973 1285 2049 pacisque
1329 1991 1529 2028 novam
1571 1969 1668 2026 lu-

87 2100 238 2152 cem,
274 2080 434 2155 quasi
463 2088 591 2155 post
624 2077 849 2152 longam
883 2077 1146 2154 hyemem
1177 2075 1512 2150 respirantes
1544 2072 1669 2129 Indi

88 2181 470 2252 Cataramnae,
504 2179 760 2236 Elicuraei
781 2223 795 2251 ,
830 2178 1147 2236 Guaicuraei
1168 2222 1182 2250 ,
1216 2185 1271 2233 et
1304 2175 1396 2231 alii
1426 2175 1666 2251 passim,

89 2282 435 2340 conditiones
477 2282 630 2358 pacis
674 2280 893 2337 oblatas
936 2287 1304 2356 acceperunt:
1340 2287 1671 2335 revocarunt

90 2384 418 2441 Societatem
443 2391 497 2439 et
524 2382 884 2459 religionem,
911 2382 1011 2457 qui
1041 2390 1341 2457 utramque
1362 2376 1664 2456 ejecerant,

90 2486 187 2563 qui
211 2468 465 2542 nondum
497 2493 859 2561 acceperant,
894 2491 1253 2541 vocaverunt.

254 2589 381 2645 Non
413 2587 614 2642 minori
643 2585 836 2643 laetitia
860 2585 1168 2662 Imperator
1191 2584 1487 2663 AEthiopiae
1518 2586 1671 2643 litte·
1789 2601 1900 2643 Pauli
1920 2604 1951 2640 v

93 2707 182 2746 ras
204 2687 363 2744 Pauli
395 2689 440 2744 V
470 2688 709 2744 Romani
744 2688 1028 2745 Pontificis
1050 2732 1064 2760 ,
1091 2697 1146 2745 et
1175 2688 1341 2764 Regis
1373 2688 1671 2745 Lusitaniae
1705 2666 2002 2785 ῗὲιῇᾟὲἳξζ

93 2789 166 2848 ad
203 2809 262 2848 se
297 2790 537 2867 perlatas
582 2791 813 2867 accepit.
864 2789 1102 2866 Utrique
1143 2798 1207 2846 ut
1248 2790 1450 2865 gratias
1486 2797 1674 2866 ageret
1708 2802 1865 2842 litterae.

95 2893 343 2972 legatum
389 2913 419 2950 e
455 2893 717 2970 primaria
752 2891 1045 2950 nobilitate
1079 2892 1230 2950 misit
1262 2893 1320 2947 in
1358 2891 1670 2968 Europam,

98 2998 260 3073 eique
283 2997 348 3055 P.
383 2995 691 3055 Antonium
721 2995 1070 3054 Fernandem
1101 2995 1360 3051 comitem
1393 2994 1669 3069 adjunxit.

100 3097 338 3175 Magnus
389 3119 687 3177 procerum
745 3117 1014 3156 numerus
1065 3095 1356 3175 publicam
1407 3096 1674 3152 Romanas

102 3198 235 3256 fidei
263 3199 663 3276 professionem
684 3201 863 3260 edidit
890 3201 1147 3278 abjurato
1179 3198 1495 3257 schismate.
1531 3193 1675 3249 Prae·

104 3301 256 3379 cipui
277 3302 578 3361 extiterunt
599 3303 1012 3375 Betlachristos,
1037 3310 1093 3359 et
1122 3296 1462 3375 Zadenguil,
1497 3294 1673 3371 Impe-
