2210 3651
434 252 707 290 msTomAE
749 251 1069 292 socm'rA'rrs
1113 256 1262 294 JESU.
1555 241 1631 298 21

70 355 168 412 sed
208 371 330 411 eam
371 351 446 410 ob
487 373 606 411 rem
651 354 918 431 gravibus
966 355 1355 433 improborum
1398 361 1539 419 odiis
1582 371 1637 420 et

66 457 278 516 insidiis
320 457 632 534 appetitusa
677 457 904 515 illorum
951 458 1178 517 tandem
1231 460 1636 536 conspiratione

67 537 232 636 periit
281 577 425 615 anno
471 578 673 617 Mocvr.
722 559 913 617 Patres
969 559 1209 618 vinculis
1259 561 1637 637 aerumnisque

70 661 328 718 macerati
350 705 364 733 7
402 679 548 737 aegre
576 661 634 717 in
664 660 980 719 libertatem
1010 660 1272 718 vindicati
1304 670 1456 719 sunt.

229 762 356 818 Non
385 760 548 817 aliam
583 761 657 818 ob
690 781 913 820 causam
950 771 1209 820 necatum
1234 782 1264 819 a
1296 762 1502 819 sicariis
1532 781 1637 840 ap-

63 874 222 940 paret
257 864 321 920 P.
349 863 687 921 Michaelem
721 865 995 938 Martum,
1034 865 1133 942 qui
1179 863 1506 922 catholicam
1535 884 1637 921 ve—

62 966 280 1022 ritatem
333 975 523 1022 contra
566 968 680 1023 vim
729 975 784 1024 et
827 966 989 1024 dolos
1038 964 1370 1023 Arianorum
1421 964 1636 1023 fortiter

60 1067 456 1144 propugnabat
497 1066 660 1125 Albae
694 1068 861 1125 Juliae
896 1069 953 1124 in
997 1067 1457 1146 Transsylvania3
1506 1087 1635 1123 curn

62 1169 135 1226 ad
155 1169 645 1248 redintegrandam
678 1171 822 1228 inter
846 1170 989 1228 duos
1011 1170 1230 1228 nobiles
1253 1169 1630 1242 concordiam,

59 1270 164 1326 iter
191 1271 565 1328 necessarium
591 1272 945 1346 suscepisset.
982 1272 1028 1330 A
1063 1272 1462 1350 praedonibus7
1502 1290 1634 1328 casu

60 1393 132 1429 an
173 1372 488 1429 industria?
523 1371 702 1429 obviis
729 1373 786 1427 in
807 1373 1023 1430 flumen
1054 1393 1181 1429 cum
1213 1374 1360 1430 socio
1386 1374 1634 1449 dejectus

59 1484 142 1531 est
172 1474 387 1530 decimo
412 1472 686 1530 Calendas
709 1472 903 1531 Maias.

223 1574 351 1632 Non
383 1576 534 1632 stetit
562 1594 663 1652 per
692 1574 1044 1632 Calvinianos
1078 1575 1219 1651 quin
1248 1572 1499 1632 similiter
1527 1593 1632 1650 pe-

59 1676 192 1733 riret
225 1676 289 1732 P.
333 1676 532 1734 Petrus
571 1677 818 1734 Cotonus
839 1722 853 1750 ,
897 1680 1057 1753 cujus
1091 1696 1224 1733 cura
1256 1676 1436 1733 omnis
1470 1676 1528 1731 in
1565 1694 1631 1732 eo

56 1778 298 1835 maxime
340 1779 691 1851 versabatur,
728 1787 793 1835 ut
843 1777 1069 1836 consilia
1113 1776 1532 1849 haereticorum,
1577 1785 1634 1834 et

56 1878 371 1938 molitiones
432 1881 493 1937 in
547 1880 726 1937 Gallia
783 1879 1093 1958 frangeret,
1160 1879 1443 1957 simulque
1494 1879 1634 1957 Regi

57 1980 297 2037 Henrico
337 1981 411 2038 IV
454 1983 691 2059 eriperet
735 2001 986 2055 errores7
1041 1982 1252 2059 quibus
1299 1981 1556 2039 imbutus
1599 2001 1631 2037 a

53 2102 230 2161 puero
250 2083 453 2140 fuerat.
493 2083 660 2154 Quod
681 2085 759 2140 ita
789 2092 1015 2141 strenue
1042 2083 1349 2159 praestabat
1369 2127 1384 2154 ⁷
1417 2082 1630 2175 uleex

53 2186 204 2261 ipsos
250 2183 524 2241 mendacii
567 2184 861 2258 magistros
901 2183 1249 2255 revinceret,
1296 2191 1631 2258 ereptosque

52 2284 162 2342 illis
218 2302 474 2362 proceres
526 2282 975 2360 quamplurimos
1027 2282 1240 2342 Cotono
1290 2283 1630 2341 erudiendos

52 2386 319 2444 traderet.
347 2385 701 2443 Sacerdotem
738 2385 1013 2458 invisum7
1046 2393 1131 2442 tot
1161 2384 1406 2442 cladium
1431 2396 1630 2443 aucto-

56 2509 173 2547 rem
196 2534 210 2562 ,
247 2488 483 2566 perdere
527 2487 914 2545 decreverunt.
957 2487 1203 2544 Redibat
1241 2487 1313 2544 ab
1352 2487 1479 2544 aula
1517 2487 1626 2545 sub

56 2610 345 2667 vesperam
387 2589 585 2647 Idibus
627 2589 909 2663 Jauuarii,
954 2590 1014 2646 in
1055 2590 1217 2647 amici
1246 2589 1443 2648 rheda.
1488 2590 1629 2647 Per-

57 2710 250 2749 cussor
279 2691 352 2747 ab
393 2691 593 2749 iisdem
629 2691 945 2750 submissus
966 2737 981 2765 7
1025 2690 1257 2749 rhedam
1288 2702 1623 2766 assectatus⁷

57 2800 113 2848 et
145 2792 439 2850 observato
474 2792 771 2869 diligenter
805 2793 926 2851 loco
961 2793 1063 2850 ubi
1104 2795 1335 2852 sedebat
1358 2839 1372 2867 ,
1415 2794 1629 2858 invadit

58 2912 88 2948 a
110 2901 265 2970 tergo
286 2914 389 2951 nec
419 2896 739 2972 opinantem
761 2941 776 2970 7
809 2905 866 2954 et
886 2895 965 2952 illi
996 2896 1249 2974 gladium
1275 2898 1335 2955 in
1364 2898 1622 2976 scapulas

57 2992 250 3069 adigit.
291 2993 549 3073 Inspecta
575 2996 740 3074 plaga
781 2997 1036 3055 miraculi
1079 2998 1244 3076 plus,
1284 3021 1455 3077 quam
1487 3002 1629 3079 peri-

59 3093 170 3150 culi
214 3104 297 3153 est
330 3096 538 3155 habere
571 3100 707 3157 visa.
750 3100 973 3177 Quippe
1006 3101 1267 3160 innoxius
1307 3102 1475 3179 gladii
1509 3121 1627 3157 mu-

58 3214 174 3270 cm,
199 3195 353 3255 velut
381 3218 578 3265 arcana
607 3210 834 3278 regente
864 3222 1066 3277 manu,
1105 3203 1398 3281 perlapsus
1428 3220 1625 3260 nervos

1736 756 1781 796 P.
1817 758 1968 799 Martiis

1673 819 1764 860 dolo
1783 830 1963 864 nocatus.

1715 1585 1762 1625 P.
1785 1586 1963 1629 Cotonus

1667 1660 1789 1701 opera
1834 1652 1962 1692 Calvi-

1668 1713 1863 1772 nistarnum
1877 1729 1965 1769 gra-

1668 1778 1770 1820 viter
1781 1787 1960 1823 necatus.
