2210 3651
578 265 851 303 HISTORIAE
895 263 1214 304 SOCIETATIS
1257 269 1408 307 Jsssu.
1659 249 1780 309 ⁴233

215 376 270 425 et
317 376 571 444 egentes,
639 367 932 444 diligenter
987 367 1195 426 fovent.
1252 372 1493 430 Feminae
1542 385 1782 434 utuntur

212 477 365 525 veste
441 467 867 526 modestissima.
941 469 1142 546 Ingens
1206 482 1432 549 petasus
1502 478 1782 535 incumbit

210 567 408 643 fronti,
437 572 514 628 sic
553 580 616 627 ut
659 572 805 628 oculi
841 582 993 629 extra
1025 573 1253 629 tertium
1286 585 1617 650 quartumve
1648 598 1782 655 pas-

213 688 337 726 sum
381 681 663 747 nequeant
704 675 949 751 evagari.
1007 674 1236 732 Comam
1281 675 1441 731 alunt
1484 680 1583 733 viri
1624 679 1782 736 femi-

210 792 449 849 uaeque,
503 784 557 831 et
593 775 665 830 ad
712 775 882 852 pedes
926 795 1106 853 usque
1149 777 1504 854 promittunt.
1552 779 1784 837 Nobiles

209 896 504 953 nunquam
542 898 759 954 ungues
790 888 1040 935 resecant
1070 901 1081 934 :
1110 879 1168 934 id
1193 879 1503 936 nobilitatis
1533 880 1780 956 insigne,

209 1000 323 1057 quo
369 1001 426 1038 se
468 990 670 1058 putant
714 982 924 1038 secerni
962 1002 993 1037 a
1037 981 1281 1056 populo,
1329 983 1426 1056 qui
1465 1001 1535 1038 ne
1565 1000 1784 1057 ungues

205 1064 451 1156 patiatur
495 1101 769 1152 crescere„
816 1081 1010 1138 labore
1055 1083 1384 1158 quotidiano
1424 1083 1778 1159 prohibetur.

206 1179 521 1240 Luctuosus
585 1193 640 1240 et
690 1183 965 1255 funebris,
1004 1182 1177 1255 color,
1230 1183 1396 1241 albus
1446 1193 1550 1241 est.
1605 1186 1783 1242 Nemo

207 1285 385 1358 aperit
415 1295 584 1361 caput
615 1286 896 1342 salutandi
929 1305 1122 1353 causa3
1153 1287 1327 1363 idque
1362 1288 1698 1364 probrosum
1724 1289 1783 1344 in

207 1383 402 1458 primis
465 1395 688 1460 putant.
752 1387 947 1464 Itaque
1006 1387 1289 1465 rogandus
1352 1388 1459 1445 fuit
1515 1389 1780 1448 Summus

207 1485 463 1542 Pontifex
502 1487 710 1545 Paulus
742 1489 787 1545 V
815 1498 878 1544 ut
901 1509 1016 1545 rem
1050 1490 1294 1545 divinam
1325 1510 1353 1546 a
1385 1490 1781 1548 Sacerdotibus

205 1587 426 1664 pileatis
465 1588 585 1645 fieri
628 1590 977 1646 concederet.
1017 1591 1121 1648 Fas
1156 1601 1346 1647 contra
1387 1601 1442 1648 et
1479 1591 1780 1668 pulchrum

206 1689 445 1764 ducunt,
481 1692 650 1748 nudis
678 1691 892 1767 ingredi
927 1692 1171 1768 pedibus
1204 1714 1268 1749 ac
1304 1693 1477 1750 tibiis.
1510 1692 1782 1750 Vescendi

206 1803 262 1851 et
283 1795 657 1852 accumbendi
684 1797 824 1851 ratio
856 1795 1051 1852 eadem
1076 1815 1203 1872 quae
1236 1794 1572 1852 Sinensium.

370 1897 689 1974 Antequam
734 1917 801 1954 ex
841 1896 967 1954 Asia
1005 1897 1395 1969 discedamus,
1423 1900 1586 1974 juvat
1619 1897 1781 1954 oculo

204 1998 392 2056 veloce
417 1999 655 2057 lustrare
692 1998 831 2075 quid
865 2000 924 2054 iu
958 1998 1136 2062 India.
1183 2000 1452 2076 Japonia7
1492 2011 1547 2057 et
1576 2000 1783 2077 Philip-

203 2100 351 2177 pinis
381 2109 597 2176 agatur.
627 2102 691 2157 P.
719 2101 1002 2159 Robertus
1032 2101 1316 2173 Nobilius,
1344 2120 1456 2156 non
1489 2111 1783 2160 contentus

204 2222 235 2260 e
265 2202 674 2259 Brachmanum
711 2204 930 2279 scriptis
964 2203 1346 2259 demonstrare
1385 2203 1663 2260 immunes
1696 2223 1784 2261 su-

202 2305 543 2380 perstitionis
581 2324 700 2362 esse
734 2306 875 2363 ritus
913 2325 945 2361 a
989 2305 1314 2362 Christianis
1348 2304 1783 2363 Madurensibus

205 2424 478 2482 usurpare
531 2407 754 2479 solitos,
822 2409 1190 2484 quaestionem
1251 2427 1282 2463 e
1331 2408 1472 2482 juris
1526 2406 1783 2465 formulis

204 2506 465 2565 instituit.
517 2508 755 2566 Centum
806 2510 1033 2586 triginta
1069 2508 1440 2565 Brachmanes
1474 2509 1576 2564 rite
1618 2509 1784 2564 inter-

205 2609 413 2683 rogati,
446 2629 574 2666 reme⁴
595 2611 669 2666 ita
702 2630 758 2667 se
782 2610 1022 2683 habere,
1057 2611 1312 2687 apposito
1343 2611 1566 2665 nomine
1599 2628 1699 2666 suo
1729 2618 1786 2666 et

208 2708 577 2787 chirographo
622 2712 1047 2768 confirmarunt.
1092 2710 1321 2768 Alexius
1363 2711 1643 2768 Menesius
1688 2711 1784 2767 In-

207 2809 426 2867 diarum
457 2813 664 2888 primas
685 2858 699 2886 a
732 2813 998 2889 idemque
1022 2813 1247 2870 Goanus
1283 2812 1779 2889 Archiepiscopus7

207 2913 459 2970 doctrina
512 2935 639 2971 cum
696 2916 1086 2973 eruditissimis
1143 2915 1521 2992 praesulibus,
1578 2916 1784 2991 pietate

211 3036 338 3072 cum
381 3017 806 3094 religiosissimis
849 3018 1296 3095 comparandus7
1351 3018 1445 3094 qui
1490 3016 1783 3090 religiones

211 3115 510 3191 Indorum,
556 3129 610 3176 et
645 3120 899 3176 instituta
941 3140 1089 3178 unus
1133 3121 1384 3177 omnium
1429 3118 1635 3194 optime
1668 3115 1785 3172 cal-

210 3215 399 3290 lebat,
458 3219 740 3295 professus
797 3231 881 3281 est
941 3231 1140 3281 cuncta
1192 3222 1466 3299 sapienter
1518 3229 1572 3277 et
1614 3220 1705 3295 pie
1754 3240 1785 3276 a

1823 1912 1877 1950 De
1894 1912 1939 1951 P.
1960 1911 2117 1952 Nobilio

1824 1975 2051 2016 testimonia

1822 2054 2070 2081 summorum

1821 2106 2014 2146 virorum.
