2210 3651
486 213 759 253 ms‘romffi
800 210 1122 249 socm‘rA‘ns
1165 213 1316 252 JESU.
1614 193 1685 250 17

127 318 300 388 ferm,
331 325 387 373 et
414 315 598 372 locum
638 316 696 372 in
727 312 944 370 tantillo
981 330 1241 389 corpore,
1288 316 1377 370 rix
1409 314 1690 373 habente?

127 418 200 476 At
248 419 292 475 si
342 436 516 495 puero
560 415 811 494 pepercit
855 399 1098 486 ferrum,
1161 414 1324 469 matri
1377 425 1521 471 certe
1578 435 1691 472 non

124 522 392 597 pepercit.
427 519 627 576 Subito
659 541 671 575 :
714 539 845 596 age,
885 518 997 589 fili,
1032 516 1333 589 exclamat,
1374 516 1569 573 Jesum
1599 519 1691 574 in-

124 621 321 678 clama.
371 620 589 692 Infans,
635 619 865 676 mirum!
917 638 1020 675 nec
1049 618 1260 694 gemitu
1291 616 1553 693 quidem,
1598 629 1693 673 aut

121 720 461 799 lacrymula,
509 721 968 799 significationem
999 719 1174 775 ullam
1219 717 1425 775 doloris
1455 725 1553 773 aut
1582 738 1693 774 me-

124 832 235 895 tus,
270 823 453 895 dedit3
484 823 582 882 sed
613 824 810 880 eodem
833 822 993 879 vultu
1026 831 1315 894 tortorem,
1350 821 1488 878 dum
1519 821 1692 878 ictum

123 927 412 982 certiorem
455 924 716 997 inferret,
769 924 1126 1001 exspectavit.
1177 924 1297 981 Hac
1340 931 1519 980 morte
1561 943 1693 999 per-

119 1025 312 1082 functa
361 1036 573 1098 mater,
618 1024 796 1082 levius
848 1045 1006 1083 suam
1059 1025 1220 1097 tulit,
1276 1034 1331 1081 et
1380 1022 1692 1081 fumantem

120 1126 307 1184 adhuc
341 1127 501 1184 filioli
543 1127 813 1203 sanguine
842 1125 1092 1183 lanceam
1128 1135 1244 1183 toto
1295 1127 1507 1201 accepit
1539 1125 1686 1182 sinu.

118 1228 387 1286 Restabat
437 1228 652 1303 AgneS,
705 1248 846 1284 uxor
903 1229 1173 1303 SimoniS,
1235 1239 1291 1287 et
1340 1229 1693 1286 victimarum

119 1339 361 1406 quatuor
392 1339 706 1405 postrema,
747 1333 906 1407 sequi
944 1333 1119 1389 socias
1160 1333 1351 1404 avida,
1386 1352 1694 1408 necemque

118 1429 444 1505 deposcens.
493 1430 725 1501 Deerat,
767 1431 864 1506 qui
908 1451 1104 1487 necare
1147 1432 1336 1488 vellet.
1385 1431 1689 1505 SatelliteS,

113 1529 422 1587 nobilitatis
485 1530 730 1607 quadam
780 1532 1117 1604 reverentia,
1171 1541 1227 1588 et
1278 1532 1495 1588 eximiae
1558 1534 1694 1609 pul-

115 1630 482 1705 chritudinis,
532 1635 691 1710 cujus
728 1634 894 1690 etiam
929 1632 1286 1710 splendorem
1322 1636 1519 1710 juncta
1555 1633 1691 1691 dul-

114 1734 348 1791 cissimae
377 1734 555 1792 indoli
577 1736 753 1813 pietas
776 1735 1055 1813 augebat,
1088 1735 1333 1812 perculsi
1361 1735 1685 1813 torpebant.

119 1834 370 1892 Tandem
413 1835 708 1896 ferociores
749 1837 983 1914 quidam
1013 1837 1256 1911 ethnici,
1305 1838 1540 1915 arreptis
1578 1859 1691 1896 car-

112 1938 343 1996 nificum
373 1938 579 1997 lanceis
600 1985 613 2012 ,
661 1960 802 2017 quas
840 1949 1075 1997 tractare
1108 1939 1468 2012 nesciebant,
1499 1938 1690 1996 multis

110 2041 428 2115 promiscue
463 2042 794 2099 vulneribus
827 2044 1104 2100 concisam
1140 2050 1520 2120 peremerunt.

274 2139 348 2194 Hi
400 2139 631 2196 fuerunt
691 2161 836 2197 anno
885 2163 1071 2198 amem
1121 2144 1407 2219 Japonicae
1472 2143 1689 2203 fructus
1752 2219 1754 2221 .

108 2240 390 2299 Ecclesiae.
429 2240 686 2300 Effloruit
716 2242 973 2319 protinus
1010 2243 1070 2298 in
1100 2245 1381 2320 copiosam
1417 2263 1685 2318 messem,

108 2342 331 2399 imbuta
371 2341 615 2401 fecundo
649 2354 963 2422 martyrum
1004 2364 1200 2402 cruore
1246 2366 1401 2424 seges
1443 2348 1689 2426 Evange-

106 2444 233 2501 lica.
297 2445 583 2525 Neophyti
658 2467 690 2503 a
747 2446 990 2523 quibus,
1052 2456 1208 2504 metu
1280 2448 1687 2526 suppliciorum

107 2545 492 2621 dissimulata,
545 2557 644 2605 aut
690 2548 908 2625 abjecta
959 2549 1102 2608 fides
1154 2549 1370 2625 fuerat,
1423 2552 1687 2611 muliebri

107 2646 364 2723 exemplo
408 2667 473 2705 ac
516 2647 846 2709 fortitudine
881 2651 954 2708 ad
988 2652 1266 2729 pudorem
1309 2662 1364 2711 et
1404 2657 1688 2732 poeniten-

107 2751 243 2807 tiam
291 2750 558 2825 adducti,
614 2772 744 2810 cum
795 2753 912 2811 Deo
958 2763 1013 2812 et
1055 2753 1298 2813 Ecclesia
1351 2757 1410 2812 in
1451 2758 1687 2833 gratiam

106 2850 417 2911 redierunt.
473 2853 801 2912 Confirmati
858 2856 957 2932 qui
1013 2856 1293 2914 nutabant
1352 2860 1556 2933 ceteri,
1610 2861 1683 2917 ad

111 2951 347 3010 similem
400 2953 635 3040 gloriam
686 2957 1112 3016 consectandam
1166 2959 1405 3018 stimulis
1456 2962 1687 3018 acriori-

107 3051 220 3110 bus
267 3055 508 3113 excitati.
565 3057 785 3117 Ethnici
828 3062 1041 3138 ingenti
1083 3083 1320 3122 numero
1365 3063 1437 3121 ad
1481 3064 1686 3122 Christi

109 3151 432 3230 religionem
478 3178 794 3237 accessere,
834 3183 956 3223 eam
1006 3183 1127 3225 esse
1167 3187 1356 3225 veram
1408 3166 1686 3243 sapienter

369 3275 532 3337 Tom.
584 3279 625 3336 Ι
637 3281 700 3338 V.
1398 3287 1437 3342 2
