2210 3651
416 310 686 347 msromffi
727 307 1043 345 socmTArrs
1085 310 1227 348 seso.
1485 293 1599 352 163

55 424 229 471 costes
269 412 395 484 die,
442 411 667 486 vestigia
710 408 1033 467 Christianae
1072 406 1348 485 religionis
1385 414 1603 472 invene-

52 522 184 570 runt
220 511 413 568 leviter
451 530 483 566 a
517 509 688 568 Gallis
717 510 1016 586 impressa,
1054 510 1152 586 qui
1183 509 1325 567 duce
1352 510 1604 572 Samuele

52 613 297 691 quodam
334 613 655 690 Camplenio
694 612 800 670 sub
843 612 1062 668 initium
1104 610 1273 668 seculi
1310 614 1603 688 superioris

50 715 330 791 regionem
377 714 690 770 interiorem
748 713 1053 770 subierant.
1114 713 1296 769 Prima
1344 712 1603 772 Patribus

53 834 186 871 cura
233 812 341 871 fuit
390 814 744 871 vernaculam
796 814 1041 889 linguam
1093 813 1436 890 perdiscere,
1480 825 1603 872 tum

54 915 241 974 Gallos
289 915 569 987 excolere,
620 916 717 991 qui
754 935 784 971 e
823 916 992 971 veteri
1034 915 1261 971 Francia
1301 916 1358 971 in
1400 934 1603 973 novam

50 1018 458 1093 navigaverant.
495 1015 747 1072 Instituta
777 1025 859 1072 est
889 1014 1146 1072 solemnis
1187 1015 1517 1093 supplicatio
1544 1017 1605 1072 in

49 1137 161 1193 qua
204 1117 454 1174 Christus
491 1117 866 1193 augustissimi
896 1117 1216 1174 sacramenti
1248 1115 1370 1173 velo
1398 1125 1600 1189 tectuS,

49 1227 104 1276 et
144 1228 354 1295 quanto
404 1219 523 1276 fieri
571 1220 753 1296 potuit
790 1218 1027 1274 maximo
1057 1230 1326 1295 apparatu
1363 1220 1606 1277 circum-

50 1328 240 1375 vectus
289 1320 347 1373 in
389 1329 550 1373 terrae
600 1315 806 1388 felicis,
862 1326 941 1373 tot
992 1319 1202 1378 Sanctis
1253 1330 1444 1398 postea
1490 1320 1606 1379 fre-

49 1417 388 1494 quentandae
409 1461 423 1487 ,
457 1416 629 1473 veluti
672 1420 1075 1493 possessionem
1119 1417 1402 1493 auspicato
1430 1421 1601 1475 venit.

51 1520 307 1576 Proxima
346 1516 656 1575 infantibus
698 1537 848 1574 sacra
886 1517 1134 1575 lavandis
1175 1517 1327 1574 fonte
1366 1538 1496 1574 cura
1525 1527 1610 1576 est

51 1623 216 1695 data,
268 1640 509 1698 quorum
562 1618 815 1676 nonnulli
871 1629 998 1696 post
1047 1627 1365 1695 susceptum
1416 1617 1607 1676 salutis

55 1732 459 1781 sacramentum
480 1766 493 1793 ,
518 1721 591 1778 ad
620 1730 820 1778 terram
845 1721 1147 1778 viventium
1176 1720 1569 1798 possidendam
1585 1764 1602 1793 ,

53 1823 212 1899 quasi
250 1823 428 1900 gentis
465 1824 633 1881 totius
669 1824 922 1896 nomine,
956 1822 1356 1899 demigrarunt.
1389 1822 1607 1901 Egressi

55 1923 258 1980 deinde
300 1924 459 2000 quasi
499 1924 744 2001 pomerio
781 1943 1060 2001 praecones
1102 1924 1444 2003 Evangelici,
1495 1945 1609 1983 ma-

53 2046 221 2104 gnam
277 2028 515 2103 regionis
569 2036 784 2104 partem
825 2026 1221 2084 lustraverunt.
1275 2028 1472 2084 Divina
1518 2045 1606 2084 res

56 2126 402 2201 ubicumque
422 2125 579 2182 licuit
599 2136 683 2183 est
713 2125 884 2196 facta,
911 2127 1182 2203 impositae
1211 2145 1408 2184 manus
1437 2144 1608 2202 aegro-

52 2230 154 2302 tis,
201 2227 471 2285 conciliati
524 2225 870 2283 munusculis
925 2237 1179 2302 parentes
1236 2225 1608 2283 barbarorum

56 2329 120 2389 ac
161 2331 355 2401 liberi,
409 2331 694 2407 impensus
742 2327 902 2384 labor
952 2327 1124 2386 Gallis
1173 2327 1449 2384 domicilia
1498 2327 1605 2385 sibi

54 2432 487 2503 fabricantibus,
520 2432 764 2507 itemque
806 2430 1153 2503 vectoribus,
1201 2439 1255 2487 et
1292 2428 1600 2486 classiariis.

55 2535 180 2592 Non
210 2532 389 2590 defuit
419 2533 696 2610 patientiae
733 2532 952 2609 copiosa
989 2549 1170 2607 seges,
1203 2529 1370 2586 modo
1398 2528 1471 2585 ab
1501 2548 1608 2585 an-

56 2653 217 2691 nonae
260 2634 556 2706 charitate,
602 2632 767 2689 modo
808 2652 839 2688 a
872 2632 1085 2689 feritate
1120 2632 1297 2708 gentis
1319 2676 1333 2704 ,
1366 2630 1499 2690 alias
1532 2631 1605 2688 ab

60 2734 273 2792 insidiis
319 2735 646 2791 vicinorum.
704 2733 922 2805 Quibus
962 2734 1018 2789 in
1061 2734 1323 2791 aerumnis
1359 2753 1608 2792 occurre-

58 2839 196 2895 bant
214 2836 494 2894 interdum
517 2836 774 2893 Patribus
797 2854 954 2892 voces
984 2834 1230 2907 illorum,
1257 2854 1397 2911 quos
1426 2835 1607 2893 Moses

61 2939 131 2996 ad
165 2937 557 3015 explorandam
603 2936 1022 2994 Chanauitidem
1062 2937 1302 2993 miserat.
1337 2934 1364 2960 *
1415 2934 1471 2992 T
1468 2956 1606 2992 erra

61 3041 179 3097 hoec
207 3039 443 3096 devorat
483 3039 834 3096 habitatores
862 3059 1018 3108 εἰκὼς
1047 3039 1139 3095 ibi
1161 3039 1420 3095 vidimus
1448 3058 1606 3095 mon-

58 3152 184 3201 stra
205 3141 477 3217 quoedam
493 3140 758 3217 filiorum
779 3140 973 3212 Emw,
1003 3144 1220 3218 quibus
1241 3133 1601 3218 comparati,

58 3246 235 3320 quasi
265 3242 495 3299 locustae
533 3243 899 3301 videbamur.
939 3242 1010 3300 At
1045 3243 1211 3301 simul
1250 3239 1503 3299 veniebat
1543 3237 1601 3292 in

1645 2946 1940 2991 *Num.15.55.
