2210 3651
235 751 308 793 SS.
346 750 481 793 Crucis

185 817 325 860 virtus.

235 1689 385 1742 Fruges
434 1684 479 1725 in

180 1750 408 1793 Salomonis
446 1796 450 1801 s

180 1818 322 1861 insulis
395 1814 482 1860 col-

180 1886 318 1938 lectae,

516 217 594 277 82
1176 237 1417 276 EPITOME

514 341 839 415 afficientis,
874 341 1022 400 bene
1053 342 1125 400 de
1154 341 1264 400 illis
1290 340 1558 400 merendo
1579 385 1593 414 ‚
1626 349 1682 398 et
1709 360 1740 397 a
1775 340 1909 398 vitio
1937 358 2094 397 revo-

515 446 726 520 cantis⁷
771 446 1063 524 improbos
1111 443 1455 521 castigando,
1496 442 1701 501 Christi
1731 462 1795 499 ac
1834 442 2091 519 Deiparae

517 568 671 608 sacra
707 550 968 619 nomin33
1010 548 1252 606 salutare
1293 547 1472 604 crucis
1501 547 1755 623 signum,
1789 545 2093 603 certissima

517 661 676 709 erant
725 651 982 708 barbaris
1026 647 1310 726 quidquid
1351 649 1580 706 instaret
1628 647 1897 725 periculi⁷
1941 665 2095 724 prae-

517 755 682 813 sidia.
733 754 875 812 Cum
917 751 1172 810 viderent
1209 749 1415 809 ethnici
1453 769 1613 827 agros
1650 749 2094 808 Christianorum

515 857 658 915 laetis
709 864 939 913 onustos
992 854 1302 927 messibus,
1350 862 1406 911 et
1454 852 1528 910 ab
1581 853 1734 909 omni
1784 851 2097 909 calamitate

515 969 696 1033 tutOS‚
744 965 1073 1036 protegente
1102 967 1315 1033 segetes
1355 975 1551 1028 cruce⁷
1591 974 1720 1031 quae
1748 952 1992 1031 plurima
2019 950 2094 1007 li-

515 1063 676 1120 mites
748 1078 1011 1138 agrorum
1078 1058 1350 1130 ornabat,
1414 1055 1770 1114 Sacerdotem
1835 1055 2097 1111 adierunt

515 1173 737 1222 orantes
779 1172 844 1219 ut
880 1161 988 1220 sibi
1031 1180 1260 1239 quoque
1302 1161 1493 1218 liceret
1541 1162 1658 1219 suis
1697 1162 1757 1217 in
1799 1152 1968 1217 arvis
1996 1157 2097 1215 diu

516 1265 802 1325 sterilibus
855 1285 919 1321 ac
961 1264 1201 1341 jejunis,
1259 1262 1464 1320 Cruces
1522 1261 1786 1339 defigere.
1849 1259 2093 1330 Annuit3

514 1366 673 1424 haud
716 1365 892 1422 dubie
931 1382 1162 1442 sperans
1199 1362 1456 1421 futurum
1490 1372 1549 1420 ut
1578 1363 1676 1439 qui
1709 1362 1945 1420 Crucem
1976 1359 2101 1417 dili-

515 1489 646 1546 gere
678 1468 1008 1545 coepissent,
1046 1469 1281 1543 ejusque
1319 1467 1430 1522 vim
1464 1465 1777 1522 beneficam
1821 1464 2094 1541 experiri,

517 1571 862 1630 Crucifixum
892 1569 1052 1626 brevi
1082 1578 1480 1627 venerarentur
1509 1577 1565 1626 et
1591 1578 1865 1626 amarent.

680 1673 875 1730 Novus
904 1671 1011 1728 hoc
1045 1690 1192 1728 anno
1224 1680 1280 1728 et
1308 1672 1551 1728 intactus
1584 1670 1773 1728 adhuc
1800 1669 2100 1747 Evangelio

519 1793 752 1852 campus
775 1782 1003 1852 apertus
1027 1781 1111 1830 est
1133 1773 1191 1829 in
1213 1773 1411 1831 insulis
1441 1772 1775 1830 Salomonis.
1809 1772 1952 1829 Sunt
1987 1771 2100 1828 illae

516 1879 576 1935 in
619 1877 1003 1935 ducentesimo
1046 1876 1415 1952 longitudinis
1459 1873 1670 1951 gradu,
1717 1883 1773 1932 et
1811 1874 1869 1930 in
1905 1882 2100 1931 octavo

515 1980 830 2038 latitudiuis
860 1978 1164 2037 Austrinae.
1198 1979 1513 2036 Peruanam
1544 1998 1700 2035 oram
1720 1986 1924 2050 ‚vasto
1959 1977 2100 2034 mari

514 2076 843 2160 interjecto,
895 2080 1063 2157 longe
1121 2089 1397 2158 spectant.
1463 2079 1544 2137 Ex
1601 2100 1665 2137 ea
1717 2079 2100 2156 Hispanorum

516 2186 674 2243 navis
704 2183 1056 2261 Philippinas
1097 2191 1327 2260 petens,
1376 2202 1507 2239 cum
1541 2181 1754 2239 insulas
1789 2180 2102 2238 Salomonis

518 2288 702 2345 obiter
751 2286 1079 2356 lustrasset,
1131 2284 1425 2360 indigenas
1474 2283 1690 2360 aliquot
1736 2281 1870 2338 inde
1912 2299 2102 2338 secum

520 2390 746 2450 detulit.
783 2389 1086 2466 Cognitum
1123 2396 1206 2444 est
1235 2406 1266 2443 e
1297 2385 1619 2443 vectoribus
1650 2384 1915 2466 Hispanis
1946 2400 2105 2438 accu-

518 2497 694 2554 ratius
726 2513 896 2570 quam
924 2499 1109 2563 antea,
1137 2490 1264 2567 quis
1287 2508 1481 2546 earum
1506 2489 1577 2546 sit
1598 2485 1911 2544 insularum
1936 2484 2100 2556 sitm,

521 2597 677 2676 quod
710 2594 833 2652 coeli
859 2592 1078 2670 solique
1108 2592 1427 2668 ingenium7
1463 2610 1591 2667 quae
1613 2596 1814 2645 natura
1837 2596 1892 2643 et
1920 2601 2104 2642 mores

520 2701 855 2760 incolarum.
884 2697 1030 2754 Hinc
1061 2714 1263 2772 magna
1298 2712 1425 2772 spes
1456 2692 1700 2763 affulsit,
1741 2697 1796 2747 et
1827 2685 2103 2764 cupiditas

523 2801 810 2880 Evangelii
840 2800 912 2857 acl
945 2818 1039 2858 eos
1070 2797 1407 2876 deportandi
1436 2818 1447 2853 :
1483 2804 1773 2874 perspecta
1795 2791 2105 2871 praesertim

521 2905 712 2963 indole
738 2903 992 2981 juveniS,
1026 2902 1125 2979 qui
1156 2920 1285 2958 cum
1321 2899 1585 2976 Hispanis
1615 2896 1736 2954 vela
1772 2894 2006 2967 fecerat⁷
2046 2902 2102 2951 et

519 3010 736 3088 primus
767 3026 833 3064 ex
864 3005 959 3061 illa
989 3014 1155 3081 gente
1175 3048 1189 3076 7
1224 3013 1288 3060 ut
1315 3001 1522 3074 fertur,
1558 2999 1630 3056 ad
1665 2996 1965 3055 Ecclesiam
1997 3014 2100 3071 ag-

520 3121 813 3191 gregatUS‚
877 3108 1095 3166 Christo
1153 3107 1327 3163 instar
1375 3102 1749 3182 primitiarum
1771 3143 1786 3174 7
1840 3096 2099 3156 felicibus

524 3217 785 3296 auspiciis
814 3212 1040 3271 oblatus
1069 3218 1172 3268 est.
