2210 3651
475 276 748 315 msromffi
789 272 1109 311 SOCIETATJS
1152 277 1302 315 Jsssu.
1605 255 1682 316 93

125 379 276 437 Fidei
297 376 694 455 professionem
724 376 887 434 caesi*
908 395 1082 453 nepos
1101 420 1115 449 ,
1141 377 1425 435 ineuntem
1463 388 1681 438 aetatem

121 490 307 557 egerat
347 482 405 536 in
448 479 765 537 Seminariis
807 477 1245 551 Andomarensi,
1294 488 1348 536 et
1391 481 1683 542 Vallisole-

119 592 270 639 tan0.
306 583 482 640 Sacris
510 591 702 659 postea
737 580 935 638 litteris
963 579 1218 637 excultus
1246 589 1301 636 et
1340 590 1537 638 auctus
1582 585 1684 641 Sa-

121 683 366 740 cerdotio
395 684 660 741 remeavit
690 683 747 738 in
776 683 1048 759 patriam,
1084 692 1146 738 ut
1176 682 1545 759 popularibus
1571 687 1684 743 suis

117 785 426 862 prodesset.
456 784 543 840 Ibi
564 783 878 860 adscriptus
900 785 955 839 in
981 783 1332 857 Societatem,
1362 783 1685 841 conferebat

116 904 174 942 se
206 886 265 941 in
294 885 545 962 Belgium
576 885 808 941 tirocinii
842 885 1086 961 ponendi
1118 905 1311 958 causa,
1346 906 1472 942 cum
1503 887 1686 944 Cates·

114 985 302 1062 byana
350 1005 446 1043 seu
493 985 806 1061 pulveraria
849 985 942 1041 illa
987 988 1295 1062 conjuratio
1335 989 1539 1064 erupit.
1582 987 1685 1045 Oc-

114 1089 282 1147 clusis
306 1088 585 1166 portubus
602 1134 616 1161 ,
646 1088 942 1146 itineribus
967 1089 1220 1165 undique
1243 1089 1484 1147 obsessis
1501 1135 1515 1162 ,
1545 1090 1684 1147 dum

114 1192 337 1248 oberrat
370 1191 617 1262 anxiuS,
676 1191 916 1266 capitur,
971 1200 1026 1247 et
1076 1190 1394 1247 Londinum
1439 1192 1687 1269 perduc·-

115 1302 207 1352 tus
257 1302 487 1350 vocatur
536 1293 594 1347 in
646 1292 1020 1367 suspicionem
1076 1293 1492 1368 conjurationis.
1543 1293 1686 1350 Cum

117 1403 504 1451 accusatorum
557 1393 967 1450 criminationes
1017 1394 1315 1451 verissimis
1371 1396 1684 1472 responsiS,

113 1494 517 1571 suppliciorum
570 1493 930 1549 acerbitatem
982 1496 1289 1550 constantia
1339 1506 1684 1572 superasset,

114 1594 315 1674 pulsus
349 1595 407 1650 in
448 1593 674 1650 exilium
708 1604 819 1666 est,
853 1594 1128 1671 petiitque
1158 1593 1503 1668 Lovanium,
1538 1597 1687 1653 utin

114 1716 178 1753 ea
222 1695 366 1752 urbe
401 1695 718 1752 rudimenta
763 1694 974 1752 militiae
1015 1695 1286 1772 religiosae
1321 1705 1583 1773 poneret,
1624 1715 1688 1753 ac

112 1797 283 1876 paulo
313 1807 442 1875 post
480 1798 539 1853 in
572 1796 829 1874 Angliam
865 1797 937 1854 ad
968 1799 1200 1874 pristina
1238 1807 1293 1855 et
1323 1798 1562 1875 pretiosa
1592 1817 1687 1875 pe-

113 1901 288 1958 ricula
308 1900 594 1958 revolavit.
631 1900 735 1956 Vix
756 1899 914 1957 littus
943 1898 1240 1977 Anglicum
1271 1901 1527 1976 attigerat
1556 1919 1685 1957 cum

112 2023 144 2060 a
190 2003 515 2075 Sacerdote,
558 2002 839 2078 religionis
883 2001 1196 2073 desertore,
1250 2001 1322 2057 ad
1371 2001 1682 2077 hospitium

112 2104 322 2162 blande
355 2105 651 2176 invitatus,
693 2115 748 2161 et
797 2104 871 2161 ab
914 2123 978 2161 eo
1022 2104 1315 2181 proditUS,
1360 2103 1683 2160 Londinum

112 2215 427 2284 reportatus
462 2215 565 2263 est.
611 2205 742 2261 Erat
775 2204 1016 2261 Londini
1055 2204 1297 2262 Thomas
1325 2204 1562 2262 Ravisus
1591 2224 1685 2262 an·

112 2309 305 2379 tisteS,
351 2307 449 2383 qui
501 2306 784 2383 religionis
830 2326 1053 2364 causam
1095 2306 1240 2363 hanc
1292 2315 1476 2381 ratus,
1526 2310 1685 2383 cujus

112 2408 349 2488 proinde
386 2410 624 2485 cognitio
661 2410 734 2465 ad
773 2428 830 2466 se
871 2410 1205 2486 pertineret,
1249 2408 1522 2465 Thomam
1555 2409 1688 2465 Gar-

111 2521 306 2568 netum
341 2512 609 2568 evocavit.
638 2511 817 2568 Multa
848 2512 1178 2582 sciscitatus,
1205 2529 1334 2586 quae
1365 2508 1687 2586 perfacilem

111 2610 402 2668 habebant
438 2611 815 2669 defensionem
836 2657 850 2685 ,
884 2612 1166 2669 delabitur
1200 2611 1272 2667 ad
1300 2614 1687 2687 juramentum

110 2712 416 2770 Fidelitatis
465 2713 809 2786 subdolum,
868 2714 1023 2790 quod
1072 2712 1289 2790 Angliae
1339 2733 1439 2770 rex
1484 2733 1515 2770 a
1573 2715 1686 2772 suis

111 2812 398 2890 exigebat,
426 2823 490 2869 ut
519 2814 854 2871 obedientiae
886 2834 1036 2872 mere
1067 2814 1241 2872 civilis
1273 2814 1682 2887 testimonium,

112 2915 264 2990 quod
333 2915 570 2971 Romani
633 2916 930 2974 Pontifices
993 2937 1024 2972 a
1085 2916 1370 2974 catholicis
1436 2915 1686 2992 praestari

116 3036 279 3092 posse
307 3027 663 3094 negaverant.
702 3018 852 3090 Quid
891 3018 1119 3076 dubitas
1141 3063 1155 3090 ,
1195 3018 1381 3094 inquit
1416 3017 1682 3086 RavisuS,

121 3115 377 3174 debitum
429 3120 568 3197 Regi
626 3120 960 3197 obsequium
1008 3124 1232 3197 juratus
1289 3120 1573 3198 profiteri?
1622 3117 1686 3173 In

122 3236 212 3273 me
248 3237 406 3292 vem,
451 3221 725 3281 Garnetus
774 3221 997 3293 retulit,
1043 3222 1183 3280 nihil
1223 3231 1308 3280 est
1342 3240 1511 3278 morae
1547 3219 1685 3296 quin

1718 387 1736 405 ⁴
1757 398 1874 427 anno
1890 386 2010 427 1606.
