2210 3651
494 299 763 337 ms‘romAE
805 299 1122 339 socnam-Ans
1163 305 1314 345 JESU.
1556 288 1670 347 169

124 411 243 458 cata
282 420 385 478 pro
437 403 698 459 concione
744 403 953 478 peccati
1002 405 1270 480 gravitas,
1323 406 1674 467 vehementer

120 502 243 559 illos
269 503 538 578 perculit,
571 503 877 580 praesertim
910 524 1036 560 cum
1068 523 1188 560 eam
1217 505 1277 560 in
1306 507 1494 564 multis
1523 509 1675 567 haud

118 602 193 669 ita
222 621 510 680 magnam,
542 603 599 658 in
624 604 1048 680 cogitationibus
1077 624 1208 661 vero
1231 604 1319 661 vel
1349 610 1670 681 teterrimis,

117 701 296 759 levem
351 714 449 760 aut
504 704 717 760 nullam
768 705 946 763 inesse
998 705 1420 762 arbitrarentur.
1482 707 1674 784 Itaque

98 782 486 863 'confessiones
523 806 595 862 ab
634 805 828 862 ultima
868 805 1201 882 plerumque
1237 807 1472 883 pueritia
1512 826 1677 882 repe-

115 904 232 959 titae
284 916 444 978 sunt,
508 926 686 982 eoque
741 906 1038 979 libentius,
1114 906 1268 984 quod
1323 906 1719 964 vernaculam'

118 1005 308 1064 Patres
356 1007 633 1064 callebant
687 1006 967 1083 linguam,
1018 1007 1169 1065 Italis
1215 1009 1460 1084 ignotam
1507 1007 1674 1083 vulgo

116 1106 539 1180 Sacerdotibus,
574 1117 670 1165 aut
699 1108 989 1184 Hispanis,
1022 1107 1295 1185 siquando
1326 1108 1461 1164 illuc
1490 1107 1676 1184 appel-

114 1205 314 1265 lerent.
340 1209 671 1282 Instaurata,
705 1229 833 1286 quae
848 1209 1102 1286 jacebat,
1135 1210 1349 1267 Rosarii
1379 1209 1669 1280 sodalitas3

113 1308 315 1383 puerili
359 1309 562 1365 scholae
598 1311 931 1383 praepositus
973 1310 1238 1368 Sacerdos
1275 1311 1543 1380 idoneu83
1584 1311 1675 1365 in-

116 1417 350 1484 spectae,
383 1417 446 1464 ut
467 1408 770 1484 Episcopus
785 1412 1056 1483 jusserat,
1089 1411 1236 1466 aedes
1266 1427 1433 1466 sacrae
1471 1432 1482 1465 :
1516 1429 1675 1466 reco-

112 1508 266 1582 gnita
302 1508 529 1565 demum
561 1527 932 1584 quaecumque
962 1507 1033 1563 ad
1063 1507 1313 1564 divinum
1349 1509 1676 1585 spectabant

115 1607 363 1683 cultum,
401 1619 463 1666 ut
499 1610 542 1668 si
580 1630 750 1686 quam
793 1608 980 1665 labem
1023 1609 1299 1667 intulisset
1339 1610 1674 1670 diuturnitas

114 1712 410 1790 temporis,
442 1722 539 1769 aut
568 1712 859 1769 hominum
889 1712 1101 1768 incuria
1123 1755 1137 1784 ,
1173 1712 1485 1769 sarciretur.

278 1815 562 1886 Quantum
590 1814 960 1871 Pantalariam
983 1813 1153 1872 Chius
1177 1823 1231 1871 et
1255 1813 1664 1890 magnitudine,

116 1924 171 1972 et
229 1915 520 1973 nobilitate
581 1920 840 1994 superat,
896 1924 1049 1972 tanto
1119 1914 1404 1972 uberiores
1460 1913 1675 1973 fructus

113 2014 299 2088 dedit,
333 2018 568 2074 maxime
600 2037 726 2073 cum
758 2017 888 2073 olim
913 2037 943 2072 a
967 2016 1138 2072 Sociis
1161 2015 1409 2087 exculta,
1443 2025 1497 2072 et
1525 2016 1678 2073 iden-

113 2117 287 2173 tidem
325 2118 518 2176 fuisset
551 2119 803 2177 lustrata.
853 2118 987 2175 Eam
1022 2126 1269 2174 recentes
1307 2118 1542 2194 operarii
1570 2117 1677 2175 hoc

46 2242 49 2244 ·
114 2236 261 2275 anno
303 2228 434 2275 sunt
476 2221 737 2295 ingressi,
795 2238 936 2295 quos
992 2219 1321 2275 Benedictus
1373 2219 1671 2292 Harcaeus,

116 2318 315 2376 insulae
364 2320 706 2397 Episcopus,
759 2320 1186 2392 Franciscanus,
1247 2322 1461 2397 excepit
1510 2341 1675 2398 pera-

114 2430 353 2494 manter,
413 2431 468 2478 et
525 2421 696 2479 rebus
746 2420 1000 2498 gerendis
1059 2421 1338 2498 adjutores
1386 2421 1666 2479 adhibuit.

113 2521 321 2579 Praeter
365 2521 579 2580 scholas
619 2523 691 2579 ab
726 2523 1172 2581 adolescentibus
1215 2523 1393 2580 Latini
1434 2525 1573 2582 ritus
1617 2535 1673 2582 et

117 2623 294 2680 Graeci
317 2623 715 2701 frequentatas,
742 2635 797 2682 et
819 2627 1068 2683 instituta
1094 2626 1247 2683 domi
1270 2638 1472 2692 nostrae
1503 2630 1674 2705 quina

115 2724 390 2795 sodalitia;
419 2728 645 2803 captivis
669 2727 1014 2801 Christianis,
1042 2727 1114 2784 ad
1135 2748 1349 2785 remum
1374 2730 1672 2789 Turcicum

115 2826 415 2898 damnatis,
462 2826 624 2885 datus
657 2838 740 2886 est
774 2829 957 2902 labor,
996 2849 1099 2886 nec
1142 2829 1322 2887 solum
1362 2834 1563 2908 expiati
1595 2853 1676 2891 sa-

118 2930 433 3001 cramentiS,
477 2929 574 2987 sed
603 2931 829 3007 plurimi
858 2952 1084 3009 quoque
1114 2943 1242 2990 sunt
1271 2935 1329 2990 in
1359 2934 1673 2993 libertatem

117 3030 398 3088 vindicati.
427 3032 621 3088 Turcae
643 3034 909 3108 primores
933 3034 1079 3091 ultro
1110 3053 1207 3091 sua
1231 3035 1392 3092 nobis
1417 3034 1669 3092 detulere

121 3129 338 3203 studia,
383 3141 438 3188 et
465 3133 925 3211 quotiescumque
965 3136 1175 3193 occasio
1218 3155 1275 3193 se
1310 3135 1493 3207 dedit,
1532 3134 1673 3189 facta

120 3232 407 3312 promissis
474 3233 831 3294 addiderunt.
896 3236 1084 3314 Legati
1144 3257 1212 3295 ex
1275 3236 1454 3295 insula
1517 3235 1671 3293 Naxo

1709 1820 1850 1863 Chium
1863 1854 1874 1875 ,
1907 1830 1947 1865 et

1709 1887 1865 1929 Naxum
1884 1895 1962 1929 etc.
2049 1905 2051 1907 ·
