2210 3651
251 349 491 391 Communio
572 400 575 403 ¹

194 413 393 468 generalis
432 414 494 455 in-
533 442 543 452 .

196 478 336 520 stituta
355 481 491 520 Romae

197 549 237 583 et
254 550 488 598 propagata.

195 613 273 651 etc.

533 216 651 279 114
1192 240 1432 278 EPITOME

695 339 848 400 Nihil
889 342 1488 420 antiquius-habuerat
1536 345 1593 403 S.
1637 346 1913 424 Ignatius,
1950 348 2088 407 dum

529 462 586 498 in
618 443 778 501 terris
807 443 1066 520 degeret,
1106 464 1276 520 quam
1307 446 1789 504 Sacramentorum
1819 450 2089 525 poeniten-

528 545 619 600 tiae
648 553 703 607 et
731 544 1090 603 Eucharistiae
1118 546 1277 621 pium
1305 566 1370 602 ac
1398 547 1746 625 frequentem
1777 568 1941 607 usum
1965 568 2091 626 pro—

528 666 770 706 movere.
818 647 949 723 Ejus
995 647 1237 723 vestigiis
1278 647 1537 707 insistens
1579 650 1842 724 Societas,
1888 659 2092 727 praeter

526 749 661 808 alias
690 759 833 807 artes
855 748 926 805 ad
949 768 1070 806 eam
1093 768 1212 805 rem
1242 747 1473 806 feliciter
1503 750 1781 810 adhibitas
1803 796 1817 825 ,
1854 751 2096 808 instituit

525 853 632 910 hoc
675 872 852 925 anno,
905 851 1254 929 approbante
1301 852 1656 911 vehementer
1715 873 1778 910 ac
1829 853 2095 910 laudante

527 955 758 1011 Summo
791 954 1090 1028 Pontifice,
1123 955 1588 1013 Communionem
1624 967 1968 1015 menstruam
2005 977 2098 1034 ge-

527 1059 772 1118 neralem
794 1104 809 1132 ,
847 1078 975 1135 quae
1009 1049 1255 1135 primum
1287 1078 1317 1114 a
1348 1059 1551 1116 nostris
1575 1070 1844 1136 usurpata
1868 1059 2094 1131 Romae,

527 1164 773 1221 manavit
808 1163 881 1219 ad
921 1163 1127 1219 vicinas
1165 1162 1446 1234 civitates,
1485 1170 1540 1217 et
1579 1161 1637 1216 in
1667 1160 1946 1238 Europam
1985 1160 2100 1217 fere

527 1285 753 1323 omnem
793 1265 1041 1341 aliasque
1087 1264 1256 1321 Orbis
1301 1261 1598 1320 Christiani
1638 1270 1853 1337 partes,
1899 1278 2100 1337 magna

526 1366 870 1443 populorum
919 1365 1187 1438 utilitate,
1227 1364 1414 1421 fluxit.
1458 1362 1533 1420 Ea
1582 1363 1660 1420 sic
1702 1371 1923 1440 peracta
1968 1360 2095 1418 fuit.

525 1466 779 1524 Electum
819 1475 902 1524 est
930 1487 996 1524 ex
1027 1465 1394 1543 amplioribus
1423 1466 1617 1521 Romae
1660 1463 1884 1540 templis
1921 1483 2102 1520 unum

526 1568 786 1645 aliquod,
819 1568 921 1625 ubi
952 1566 1185 1643 singulis
1216 1567 1505 1624 mensibus
1537 1574 1845 1624 strueretur
1875 1583 2099 1621 sacrum

529 1671 845 1727 convivium
877 1670 1163 1746 insigniori
1197 1677 1468 1746 apparatu
1490 1713 1504 1741 ,
1548 1677 1604 1725 et
1633 1667 2102 1726 accumbentibus

527 1772 813 1849 proposita
852 1771 1110 1843 uberiore
1148 1780 1504 1848 peccatorum
1547 1771 1705 1827 venia
1751 1791 1762 1824 :
1805 1770 1864 1824 in
1902 1768 2104 1826 eodem

529 1872 740 1949 templo
771 1873 980 1930 habitae
1019 1881 1151 1930 sunt
1180 1892 1281 1950 per
1310 1891 1557 1929 mensem
1588 1871 1869 1948 integrum
1900 1853 2104 1929 diebus

531 1974 826 2031 dominicis
876 1973 1200 2047 concioneS,
1249 1972 1322 2030 ad
1363 1973 1759 2051 praeparandos
1797 1973 1966 2051 epulo
1997 1973 2104 2031 Eu-

532 2075 836 2134 charisticov
885 2076 1099 2134 animos
1156 2075 1534 2133 accomodata.
1596 2075 1747 2133 Dum
1806 2068 2104 2152 Angelicus

530 2178 692 2255 panis
734 2177 1217 2251 distribuebatur,
1263 2198 1432 2255 quem
1476 2177 1713 2236 coelestis
1755 2197 1962 2236 mensae
2006 2178 2106 2233 mi-

532 2281 689 2338 nistri
730 2282 981 2357 quinque
1016 2289 1114 2337 aut
1150 2299 1278 2352 sex,
1312 2281 1371 2336 in
1406 2282 1586 2358 iisque
1625 2282 1910 2338 interdum
1942 2281 2109 2339 antis-

534 2384 662 2441 tites
712 2392 767 2441 et
820 2383 1116 2460 purpurati
1164 2382 1384 2455 Patres,
1446 2382 1691 2464 convivis
1741 2382 2105 2457 dividebant,

537 2485 804 2544 Sacerdos
848 2506 879 2542 e
926 2485 1094 2563 plano
1152 2484 1241 2541 vel
1291 2484 1585 2561 Superiore
1634 2482 1786 2556 locO,
1821 2484 2109 2560 appositis

539 2586 920 2644 conciunculis
965 2595 1020 2643 et
1062 2586 1326 2663 precibus
1369 2585 1646 2643 excitabat
1695 2585 2008 2662 populum,
2035 2597 2110 2661 'et

535 2688 684 2746 faces
727 2707 898 2746 novas
938 2691 1056 2765 jam
1106 2689 1235 2765 igne
1286 2688 1493 2747 coelesti
1548 2687 1859 2745 calentibus
1910 2688 2109 2745 animis

538 2790 896 2849 admovebat.
954 2791 1073 2848 Sub
1119 2810 1405 2868 vesperam
1459 2792 1708 2869 exposito
1767 2790 1862 2847 SS.
1923 2790 2110 2847 Sacra-

541 2903 760 2967 mentO,
796 2902 959 2951 certae
991 2893 1452 2965 concinebantur,
1485 2903 1613 2970 post
1644 2895 1964 2950 concionem
1995 2893 2110 2971 ple-

542 3013 672 3051 nam
716 2995 962 3067 ardoris,
1017 3014 1238 3072 preceS,
1290 3004 1345 3051 et
1393 2995 1535 3052 elata
1586 2994 1829 3053 sublime
1872 2995 2109 3053 coelestis

544 3095 724 3154 hostia
764 3097 975 3174 populo
1013 3106 1142 3154 ante
1178 3116 1327 3153 aram
1372 3096 1666 3175 provoluto
1711 3096 2101 3154 benedicebat.

546 3198 717 3255 Porro
738 3217 852 3256 non
874 3218 1092 3277 semper
1119 3199 1180 3255 in
1209 3198 1403 3257 eadem
1434 3198 1592 3257 urbis
1614 3178 1837 3276 regione
1866 3197 2108 3256 celebra-
