2210 3651
511 237 629 297 130
1171 261 1414 300 ΕΡῙΤΟΜΕ

226 368 368 442 Patres
394 368 444 409 de
506 360 899 420 inflammavit.
932 361 1314 422 Ravalliacum
1339 365 1606 425 inducere
1634 369 1849 444 conati,
1882 378 1947 427 ut
1972 354 2084 428 Pa-

170 434 347 540 ξοθεῗξᾶϋ
373 447 472 539 ΜΞ
507 472 620 521 tres
661 466 801 521 tanti
847 465 1068 524 sceleris
1111 476 1395 541 auctores,
1442 478 1539 526 aut
1588 470 1783 528 saltem
1833 473 2083 531 conscios

171 562 349 617 defensi,
505 564 678 624 fuisse
720 566 957 640 diceret,
1000 588 1130 625 cum
1173 577 1479 646 utrumque
1516 582 1856 646 constanter,
1899 584 1955 631 et
1987 594 2084 651 pa-

506 666 620 725 lam
651 678 1005 745 pernegaret,
1040 688 1106 726 eo
1137 668 1351 747 delapsi
1381 682 1547 745 sunt,
1583 684 1647 730 ut
1671 685 1876 733 tetrum
1901 676 2084 735 scelus

506 790 540 827 a
581 770 923 828 Jesuitarum
967 770 1220 828 doctrina
1264 771 1578 849 profectum
1614 795 1735 833 esse
1775 777 2085 835 contende-

169 882 222 925 ob
242 882 392 955 libram
505 882 651 931 rent.
687 873 764 929 Eo
796 873 1026 931 consilio
1057 874 1417 952 protulerunt
1447 876 1710 952 quaedam
1743 881 1922 956 capita
1951 879 2086 936 libri

170 948 218 989 P.
255 948 468 992 Mananae.
504 977 577 1035 de
622 976 979 1034 Institutione
1018 977 1321 1055 principis,
1369 999 1399 1034 a
1444 978 1506 1034 P.
1544 979 1763 1037 Joanne
1802 980 2083 1054 Mariana,

504 1081 788 1159 HispanO,
851 1081 1180 1157 conscripti,
1237 1090 1291 1138 et
1340 1080 1447 1137 hac
1507 1090 1776 1137 armatam
1830 1083 2086 1140 doctrina

503 1203 734 1239 manum
786 1181 1050 1258 impiam,
1083 1182 1143 1237 in
1194 1182 1410 1240 facinus
1448 1182 1785 1240 detestatum
1836 1184 2089 1261 erupisse

457 1272 461 1274 i
502 1283 899 1341 vociferantur.
948 1283 1301 1341 Ravalliacus
1330 1284 1704 1360 interrogatus
1735 1293 1790 1340 et
1818 1301 2088 1342 excussus

501 1385 829 1464 planissime
858 1387 1179 1463 respondit:
1214 1386 1478 1444 Marianae
1508 1406 1715 1444 nomen
1746 1397 1844 1444 aut
1872 1387 2088 1444 librum

501 1509 819 1566 numquam
858 1488 966 1546 sibi
1005 1489 1292 1565 cognitum
1313 1533 1328 1562 ,
1362 1510 1428 1546 ac
1461 1510 1534 1546 ne
1563 1490 1822 1546 auditum
1854 1489 2087 1567 quidem

501 1590 695 1649 fuisse.
730 1591 850 1647 Hac
879 1591 1100 1668 gemina
1125 1610 1223 1668 spe
1252 1590 1475 1668 depulsi
1505 1591 1841 1663 adversarii,
1875 1589 2089 1646 nihilo-

502 1696 691 1753 minus
732 1694 1050 1767 instabant,
1088 1703 1144 1751 et
1184 1693 1483 1766 Marianae,
1526 1696 1686 1770 cujus
1729 1692 1941 1749 librum
1973 1711 2088 1768 pu-

501 1796 651 1854 blice
707 1797 1162 1854 comburendum
1214 1804 1574 1868 curaverant,
1620 1796 1935 1853 doctrinam
1985 1794 2091 1851 toti

501 1898 760 1956 Societati
797 1917 1156 1954 communem
1181 1916 1299 1954 esse
1321 1896 1704 1954 affirmabant.
1733 1898 2090 1955 Demonstra-

501 2009 625 2057 tum
663 2007 778 2072 est,
815 2018 1003 2075 neque
1031 1998 1186 2055 illam
1228 2019 1260 2055 a
1300 1999 1503 2056 nostris
1540 2000 1686 2056 tradi
1722 1999 2085 2074 doctoribus,

502 2122 689 2180 neque
710 2122 740 2159 a
765 2101 1053 2160 Societatis
1080 2101 1391 2179 Praeposito
1415 2101 1590 2160 fuisse
1610 2101 1904 2160 toleratam
1925 2146 1939 2175 ,
1972 2101 2087 2158 imo

504 2204 821 2263 constitutis
856 2204 1124 2281 gravibus
1162 2205 1343 2281 poenis
1380 2204 1745 2282 prohibitam.
1791 2204 1863 2261 At
1902 2205 2084 2278 enim,

502 2306 871 2384 inquiebant,
925 2305 1150 2363 nullum
1206 2306 1367 2363 vobis
1415 2305 1630 2363 librum
1680 2306 1909 2384 vulgare
1957 2307 2090 2364 licet

504 2410 624 2468 sine
652 2408 1063 2486 approbatione
1106 2408 1397 2485 Praepositi
1441 2407 1725 2466 Generalis
1765 2431 1777 2465 ε
1820 2410 1897 2465 ita
1939 2408 2092 2485 leges

504 2520 704 2569 vestrae
748 2511 977 2588 jubent.
1039 2511 1325 2589 Explicata
1375 2512 1546 2590 igitur
1596 2521 1680 2569 est
1731 2512 1871 2568 ratio
1913 2504 2091 2570 libros

505 2613 861 2690 approbandi
917 2625 972 2672 et
1023 2616 1373 2674 consuetudo
1426 2618 1628 2674 usitata
1679 2617 1738 2673 in
1789 2617 2084 2676 Societate.

505 2715 846 2792 Praepositus
898 2717 1184 2776 Generalis
1237 2728 1415 2777 certos
1465 2718 1721 2776 homines
1764 2719 2084 2793 constituit,

506 2817 721 2893 quibus
759 2820 1046 2896 negotium
1077 2820 1268 2893 datur,
1315 2831 1378 2877 ut
1407 2821 1584 2879 libros
1615 2822 1674 2877 in
1704 2821 1886 2878 lucem
1920 2821 2089 2877 eden-

508 2917 610 2976 dos
633 2921 970 2978 examinent.
1007 2921 1079 2979 Iis
1111 2923 1156 2979 si
1185 2922 1331 2979 liber
1361 2923 1638 3000 quispiam
1671 2942 1784 2979 non
1818 2921 2086 2998 indignus

509 3023 636 3082 luce
674 3024 952 3098 videatur,
1001 3025 1296 3083 emittitur.
1332 3026 1470 3096 Quis
1503 3034 1692 3104 autem
1728 3024 1941 3096 nescit,
1978 3022 2087 3080 alia

511 3149 660 3203 esse,
712 3150 776 3186 ac
825 3148 1098 3206 perquam
1151 3128 1367 3185 diversa
1418 3127 1710 3183 hominum
1752 3127 1809 3180 in
1850 3123 2086 3202 singulis

506 3231 629 3298 ,fere
667 3232 847 3291 causis
890 3241 946 3289 et
982 3230 1305 3289 nationibus
1337 3228 1584 3307 judicia?
1618 3227 1776 3286 aliter
1806 3227 2083 3307 Hispanos
