2210 3651
468 284 740 322 HISTORIAE
781 282 1100 321 socOETAT1s
1143 287 1296 325 JESU.
1558 269 1673 328 105

114 387 390 464 pugione,
423 386 593 443 sumit
627 386 684 440 in
713 404 911 442 manus
935 385 1233 461 imaginem
1256 386 1550 448 Salvatoris
1572 435 1586 464 ,
1619 400 1675 448 et

116 486 353 561 Virginis
403 487 706 558 rosarium,
775 505 839 542 ac
894 486 1075 543 Deum
1141 486 1424 563 paulisper
1479 510 1674 564 preca-

111 594 233 658 ωε,
279 585 530 644 demesso
566 586 744 664 capite
780 586 1110 663 praeclarum
1157 586 1376 645 Christo
1420 590 1673 646 testimo-

110 687 266 744 nium
296 687 470 745 dedit.

274 788 496 846 Illustre
543 808 770 866 quoque
819 788 1072 865 religioni
1115 789 1529 862 testimonium,
1576 790 1670 847 sed

108 890 497 963 incruentum,
552 890 707 947 dedit
757 890 816 946 in
857 891 1071 947 Guinea
1130 910 1224 947 rex
1277 890 1457 946 Torae.
1505 888 1673 967 Apud

106 989 270 1049 Afros
306 993 550 1051 solemne
593 1013 656 1049 ac
698 993 1016 1068 religiosum
1058 993 1115 1048 in
1157 993 1474 1069 principum
1517 991 1675 1049 fune-

105 1091 265 1150 ribus
297 1093 637 1165 habebatur,
671 1103 734 1150 ut
766 1094 1121 1151 convenirent
1152 1094 1346 1151 affines
1368 1102 1423 1150 et
1446 1112 1675 1150 consan-

105 1194 294 1270 guinei
326 1204 541 1253 certum
574 1197 631 1251 in
666 1195 851 1252 locum
872 1239 887 1267 ,
921 1195 1117 1271 ibique
1150 1195 1278 1251 vino
1314 1203 1368 1252 et
1404 1195 1542 1252 cibis
1565 1214 1676 1252 cer-

106 1296 264 1352 tatim
315 1315 373 1354 se
420 1297 844 1373 ingurgitarent.
901 1296 1066 1372 Ejus,
1130 1297 1215 1354 cui
1268 1296 1478 1355 funeris
1544 1317 1676 1354 cura

106 1398 511 1470 incumbebat,
565 1406 749 1474 partes
816 1400 1116 1475 praecipuae
1176 1408 1312 1455 tunc
1368 1408 1558 1472 erant,
1612 1408 1676 1456 ut

107 1505 261 1552 tanta
304 1506 626 1575 suppeteret
674 1497 786 1553 vini
832 1499 1024 1574 copia,
1072 1508 1341 1574 quantam
1385 1499 1675 1556 exhaurire

105 1599 322 1655 invitati
357 1617 470 1654 non
505 1606 752 1674 possent.
794 1597 874 1654 Ex
903 1598 1190 1655 ebriorum
1218 1617 1452 1655 numero
1483 1600 1676 1674 splen-

108 1700 213 1759 dor
254 1701 468 1759 funeris
510 1701 916 1759 aestimabatur.
963 1702 1106 1758 Hinc
1144 1702 1359 1778 jurgia,
1405 1701 1584 1760 caedes
1621 1710 1677 1759 et

1779 797 1828 836 In
1879 796 2006 839 Africa

1713 860 1828 913 Regis
1863 863 2001 914 Torae,

1711 931 1749 964 et
1783 924 1953 965 aliorum

1711 988 1850 1041 pietas.
1873 996 1952 1029 etc.

106 1821 250 1859 nova
291 1802 522 1875 funera,
569 1811 633 1859 ut
681 1821 782 1879 pro
831 1821 945 1859 uno
990 1811 1212 1860 mortuo
1257 1801 1421 1858 multi
1472 1802 1675 1879 saepius
1736 1869 1738 1871 ¹

108 1904 458 1963 efferrentur.
507 1902 595 1961 Ad
632 1903 906 1980 ejusmodi
939 1903 1236 1961 funebrem
1277 1922 1543 1981 pompam
1587 1922 1679 1960 vo-

110 2017 266 2066 catus
296 2029 327 2065 a
361 2008 543 2065 vicino
582 2007 833 2083 principe
874 2006 1073 2063 Petrus
1115 2025 1212 2061 rex
1255 2005 1451 2076 Torae,
1497 2003 1679 2063 Chris-

109 2109 319 2180 tianus,
357 2128 485 2164 cum
521 2106 718 2164 abesse
752 2108 913 2165 certis
951 2105 1021 2162 de
1071 2106 1251 2163 causis
1294 2123 1407 2160 non
1453 2113 1675 2180 posset,

110 2218 428 2286 separatum
463 2208 537 2264 ab
575 2208 924 2266 ebriosorum
960 2209 1212 2265 tumultu
1246 2227 1455 2285 pagum
1492 2227 1681 2285 sump-

112 2311 211 2381 sit,
273 2330 517 2386 cumque
566 2310 721 2366 verni
756 2309 953 2386 jejunii
998 2309 1116 2366 dies
1157 2309 1215 2364 in
1264 2308 1412 2365 idem
1456 2317 1679 2385 tempus

108 2411 462 2484 incidissent,
495 2411 567 2468 ab
598 2430 662 2468 eo
692 2431 1004 2488 numquam
1038 2412 1319 2488 impetrari
1359 2412 1575 2488 potuit,
1614 2419 1680 2467 ut

111 2512 374 2570 carnibus
416 2521 749 2570 vesceretur.
799 2512 934 2570 Haec
989 2513 1048 2569 in
1101 2514 1353 2590 principe
1393 2511 1678 2589 neophyto

109 2615 474 2690 temperantia
522 2614 713 2671 multis
754 2614 1208 2687 admirationem,
1253 2623 1310 2671 at
1341 2614 1519 2670 vicino
1563 2613 1680 2690 regi

113 2714 277 2772 Benae
305 2717 578 2792 pudorem
602 2717 868 2789 incussit,
901 2717 998 2793 qui
1020 2716 1284 2774 Judaeum
1318 2717 1679 2793 impostorem

112 2817 347 2875 audiens
366 2862 381 2890 ,
416 2819 752 2894 promissum
789 2818 1008 2876 Christo
1032 2818 1203 2875 fidem
1226 2817 1481 2894 fregerat.
1512 2817 1680 2888 Quod

115 2939 243 2976 cum
275 2929 522 2976 cerneret
549 2920 613 2975 P.
654 2919 942 2976 Balthazar
979 2920 1224 2977 Barreira
1245 2964 1259 2992 ,
1299 2939 1481 2995 neque
1517 2918 1679 2975 illum

117 3019 193 3075 ad
218 3021 516 3096 pristinum
552 3022 889 3098 suscipiendi
911 3022 1177 3098 baptismi
1200 3020 1541 3077 voluntatem
1564 3018 1679 3074 ulla

116 3120 328 3177 ratione
369 3142 625 3179 revocare
661 3132 881 3199 posset,
928 3123 1197 3180 discessit.
1236 3121 1551 3179 Abeuntem
1589 3137 1679 3174 se-

123 3228 286 3282 cutus
313 3231 398 3282 est
424 3225 570 3301 regis
589 3224 763 3299 filius,
787 3226 952 3303 eique
976 3244 1034 3284 se
1055 3224 1314 3283 comitem
1343 3241 1407 3279 ac
1428 3219 1678 3296 discipu-
