2210 3651
476 251 751 291 ms‘romffi
792 250 1112 288 socinTA‘rffi
1156 253 1284 291 JESU
1296 279 1307 291 .
1599 233 1676 293 53

123 355 196 413 ad
222 355 520 412 dicendum
551 372 774 411 cansam
807 359 1032 409 vocatus
1066 369 1247 408 coram
1282 354 1494 414 selectis
1525 356 1678 434 Judi-

122 455 282 512 cibus
302 499 316 527 7
349 464 405 512 et
433 456 491 511 in
516 473 735 511 omnem
760 454 996 529 agitatus
1029 471 1441 530 concussusque
1463 467 1677 531 partem

120 556 195 612 ita
231 556 551 634 respondit,
587 557 664 612 ita
695 575 852 613 suam
881 555 1140 633 probavit
1172 555 1542 611 innocentiam
1565 601 1578 627 7
1616 566 1679 614 ut

118 656 257 712 nihil
286 659 555 715 invenerit
577 658 899 714 veteratoria
922 656 1193 714 calliditas
1218 656 1288 713 ad
1311 655 1464 732 quod
1495 655 1678 712 adhae-

119 768 375 815 resceret.
404 759 735 836 Promptum
764 758 907 814 illud
937 757 1162 834 quidem
1189 777 1252 814 ac
1279 755 1541 834 perfacile
1562 765 1679 812 erat

122 857 387 917 damnare
429 861 732 917 Garnetum
773 878 838 916 60
881 860 1138 931 nomine,
1185 857 1339 935 quod
1382 855 1676 929 SacerdOS‚

120 961 273 1036 quod
302 962 512 1019 Jesuita
546 962 707 1019 foret.
743 961 876 1017 Haec
898 959 1010 1018 duo
1042 960 1252 1036 quippe
1283 959 1511 1016 crimina
1535 957 1679 1034 capi-

116 1062 247 1119 talia
285 1065 674 1122 censebantur.
722 1063 861 1120 Satis
891 1061 997 1118 hoc
1032 1061 1166 1137 ipsis
1204 1060 1387 1117 visum
1420 1077 1534 1115 non
1563 1067 1674 1130 est,

117 1163 221 1220 nisi
267 1165 339 1221 ad
381 1165 712 1222 inurendam
750 1163 962 1219 nomini
1006 1161 1274 1219 catholico
1315 1170 1505 1217 notam
1547 1179 1676 1236 per-

118 1261 437 1337 duellionis⁷
464 1275 749 1341 tamquam
780 1267 1194 1340 conjuratorum
1224 1263 1340 1319 dux
1362 1272 1672 1320 necaretur.

120 1361 205 1419 Ad
235 1383 403 1421 novas
433 1374 577 1421 artes
598 1365 766 1440 igitur
795 1374 859 1421 ut
887 1364 1101 1440 aliquid
1129 1363 1201 1419 ab
1223 1382 1287 1420 eo
1309 1363 1679 1421 extunderent

118 1464 508 1541 confugerunt.
557 1465 682 1521 Duo
725 1464 1003 1541 ergastula
1045 1463 1263 1521 medius
1307 1465 1485 1539 paries
1530 1464 1677 1520 divi-

121 1566 325 1640 debat,
361 1585 570 1624 vacuus
607 1575 754 1622 certo
791 1566 850 1621 in
885 1565 1007 1622 loco
1043 1574 1098 1622 et
1136 1563 1430 1620 hominum
1463 1563 1680 1640 aliquot

119 1687 312 1745 capax.
355 1667 564 1724 Eodem
597 1668 655 1722 in
695 1667 904 1744 pariete
937 1666 1077 1722 rima
1123 1684 1222 1723 seu
1265 1663 1516 1722 foramen
1562 1676 1680 1723 erat

118 1768 191 1826 de
219 1768 491 1826 industria
513 1769 590 1826 sic
611 1778 928 1846 pertusum7
954 1775 1018 1824 ut
1040 1766 1218 1824 vitiosi
1241 1766 1388 1822 muri
1411 1765 1676 1826 fortuitus

115 1868 302 1928 hiatus
344 1869 642 1927 videretur.
684 1870 789 1927 Per
817 1859 962 1926 hanc
990 1869 1190 1925 rimam
1229 1886 1540 1926 commeare
1569 1888 1678 1926 vox

116 1972 190 2029 ab
214 1992 326 2029 nno
350 1992 565 2029 carcere
594 1981 810 2049 poterat
833 1972 906 2028 ad
932 1970 1103 2026 alium
1125 1970 1369 2026 vicinum
1400 1978 1454 2025 et
1483 1968 1675 2028 doloso

117 2074 223 2131 isto
258 2075 466 2149 pariete
510 2074 787 2146 divisum,
838 2093 903 2130 ac
945 2072 1113 2130 simul
1148 2072 1220 2128 ab
1263 2072 1329 2129 iis
1366 2072 1550 2127 audiri
1579 2072 1678 2147 qui

114 2174 350 2231 laterent
383 2175 441 2230 in
481 2183 740 2230 excavato
783 2176 1011 2251 pariete.
1047 2174 1112 2230 In
1140 2192 1253 2230 uno
1282 2194 1350 2230 ex
1377 2173 1495 2230 istis
1526 2192 1678 2249 erga-

115 2275 277 2334 stulis
305 2275 369 2332 P.
397 2275 669 2332 Henricus
697 2275 970 2331 Garnetus
1003 2274 1320 2345 tenebatur3
1353 2275 1412 2330 in
1441 2273 1678 2331 alterum

118 2375 460 2434 transferunt
487 2377 551 2433 P.
587 2376 914 2433 Eduardum
952 2375 1296 2432 Oldcornum
1327 2397 1338 2430 :
1375 2376 1464 2432 cui
1495 2383 1679 2432 custos

119 2479 351 2536 carceris
380 2478 576 2533 rimam
599 2477 919 2549 ostendens,
946 2477 1218 2553 promittit
1240 2476 1477 2551 ingentis
1500 2475 1678 2531 bene-

116 2579 226 2637 ficii
269 2579 423 2652 loco7
470 2579 733 2636 daturum
776 2599 832 2637 se
875 2598 1100 2655 operam
1151 2586 1215 2634 nt
1265 2576 1507 2653 colloqui
1550 2595 1677 2634 cum

119 2683 359 2738 Garneto
400 2681 595 2758 possit.
642 2680 797 2738 Idem
848 2680 1088 2736 Garneto
1132 2678 1492 2754 significatur.
1548 2676 1681 2733 Suc-

118 2782 327 2840 cedunt
383 2782 551 2839 ambo
609 2782 680 2838 ad
737 2781 991 2839 fallacem
1046 2782 1244 2837 rimam
1310 2803 1321 2836 :
1383 2779 1680 2838 sciscitanti

119 2883 399 2940 Oldcorno
422 2883 558 2960 quid
582 2892 858 2959 ageretur7
892 2901 1138 2959 quonam
1167 2882 1341 2958 ipsius
1371 2901 1534 2940 causa
1556 2881 1678 2938 loco

119 2985 296 3042 esset?
338 2985 627 3062 respondit
676 2986 948 3042 Garnetus
997 2982 1137 3040 nihil
1188 2983 1475 3040 inventum
1520 3001 1676 3052 esse⁷

122 3104 224 3140 nec
263 3085 497 3142 inveniri
546 3105 706 3163 posse
726 3130 740 3158 ᾖ
795 3105 907 3163 quo
957 3085 1292 3163 probaretur
1341 3094 1532 3142 auctor
1584 3088 1680 3137 aut

126 3187 401 3265 particeps
429 3189 818 3266 conjurationis
856 3211 869 3246 2
904 3207 1035 3248 sane
1066 3187 1174 3247 sibi
1201 3186 1415 3245 facinus
1445 3183 1680 3262 impium
