2210 3651
484 292 755 329 msa-omps:
796 290 1115 328 socmrATrs
1159 295 1307 332 JESU.
1565 274 1679 333 147

126 397 387 453 miserum
425 395 483 449 in
518 392 749 450 modum
780 392 1044 465 aedificia,
1077 413 1147 450 ne
1176 395 1310 470 ipsis
1340 398 1566 471 quidem
1589 401 1683 474 ja-

125 497 250 552 nuis
283 494 651 571 fenestrisque
683 504 1072 571 temperatum.
1113 495 1341 551 Redacti
1382 497 1568 557 Patres
1610 500 1679 556 ad

123 615 369 655 summas
405 599 606 674 inopiae
639 598 951 674 angustias7
990 599 1300 674 precarium
1337 617 1481 674 aegre
1527 602 1682 677 spiri-

123 707 242 755 tum
273 701 363 776 pia
388 701 590 756 civium
620 699 950 756 liberalitate
980 708 1380 756 sustentarunt.

285 801 489 858 Durior
547 801 770 858 fortuna
820 802 1033 877 collegii
1082 801 1576 859 Commotoviensis
1626 802 1682 857 in

122 901 314 960 eadem
366 904 627 961 Bohemia
679 903 804 960 fuit.
865 904 1157 980 Direptum
1202 902 1457 960 funditus
1500 912 1555 960 et
1597 923 1685 960 ex-

125 1001 385 1061 haustum
432 1006 604 1062 tristia
641 1005 738 1060 diu
780 1004 982 1061 furoris
1023 1006 1178 1081 impii
1214 1014 1572 1061 monumenta
1606 1025 1689 1061 re-

122 1104 308 1161 tinuit.
346 1106 547 1162 Damni
588 1126 714 1183 pars
755 1105 920 1183 longe
962 1107 1198 1162 maxima
1231 1105 1480 1183 judicata
1509 1115 1591 1163 est
1622 1105 1687 1162 li-

122 1204 357 1262 brorum
381 1210 634 1283 jactura,
668 1227 910 1284 quorum
940 1227 1208 1264 numerus
1237 1209 1430 1285 ingens
1459 1218 1514 1265 et
1543 1208 1689 1267 bene

121 1305 299 1364 lectus
329 1317 464 1364 erat.
501 1308 746 1365 Lacerati
768 1353 782 1381 7
819 1309 1155 1382 conculcati,
1189 1319 1286 1366 aut
1320 1311 1377 1366 in
1412 1311 1683 1386 fluvium,

121 1427 235 1484 quo
267 1409 469 1466 domus
505 1409 846 1481 alluebatur,
888 1411 1085 1487 dejecti
1121 1421 1272 1469 sunt.
1309 1411 1449 1468 Socii
1481 1413 1686 1470 vicinas

122 1510 180 1564 in
201 1509 350 1566 aedes
371 1510 608 1585 recepti⁷
642 1530 840 1567 manus
868 1511 1068 1587 impias
1097 1513 1435 1587 effugerunt.

284 1608 496 1666 Eodem
531 1611 588 1666 in
617 1610 942 1687 religionem
976 1611 1104 1668 odio
1140 1613 1350 1669 incensi
1386 1612 1686 1670 Lutherani

121 1709 417 1786 collegium
462 1710 624 1768 Albae
661 1711 828 1768 Juliae
870 1713 929 1768 in
979 1713 1407 1790 Transsylvania
1456 1733 1689 1791 occupa-

119 1822 284 1884 runt,
338 1833 403 1869 ac
453 1812 687 1870 solemni
738 1814 960 1868 decreto
1010 1816 1305 1892 poenisque
1353 1816 1691 1892 gravissimis

123 1916 454 1993 propositis,
490 1921 793 1972 sanxerunt
821 1932 890 1969 ne
923 1913 1049 1987 quis
1092 1913 1354 1989 deinceps
1385 1913 1692 1972 catholicus

122 2017 391 2074 Sacerdos
423 2016 628 2093 pedem
657 2015 715 2070 in
761 2013 1247 2090 Transsylvaniam
1280 2011 1527 2068 inferret.
1575 2014 1692 2072 Hos

121 2118 398 2196 improbis
419 2119 632 2175 animos
661 2116 900 2173 faciebat
923 2113 1150 2171 Gabriel
1183 2113 1504 2183 Bathorius‚
1531 2113 1691 2171 Prin-

124 2240 253 2297 ceps
287 2217 731 2295 Transsylvaniae
770 2218 868 2292 qui
893 2261 906 2288 a
942 2216 1096 2273 caesis
1131 2226 1228 2271 aut
1256 2214 1460 2290 fugatis
1492 2233 1691 2291 proce-

126 2321 286 2378 ribus
311 2319 593 2377 catholicis
611 2364 624 2390 ,
651 2317 919 2375 infectum
955 2317 1180 2374 illorum
1213 2335 1408 2373 cruore
1436 2315 1689 2391 gladium

126 2422 199 2479 ad
246 2420 631 2479 Calvinianum
687 2420 990 2476 antistitem
1042 2419 1223 2490 misit„
1269 2418 1576 2475 admonens
1626 2427 1690 2475 ut

124 2524 232 2581 hoc
274 2523 529 2600 exemplo
571 2524 628 2578 in
678 2522 929 2599 Papistas
975 2522 1212 2579 saeviret.
1263 2522 1461 2597 Neque
1505 2531 1691 2578 tamen

127 2625 383 2684 Bathorio
406 2625 672 2701 perficere
694 2624 850 2699 quod
872 2624 1110 2679 maxime
1136 2621 1471 2678 moliebatur
1499 2622 1687 2693 licuit,

129 2736 194 2784 ut
235 2724 557 2782 Sacerdotes
599 2724 898 2781 catholicos
939 2725 1162 2800 penitus
1213 2733 1510 2781 amoveret.
1565 2725 1691 2781 Non

128 2829 293 2906 pauci
322 2827 550 2884 latebris
573 2828 702 2883 tecti
734 2846 1014 2898 mansere7
1046 2827 1158 2882 imo
1190 2845 1335 2883 unus
1366 2846 1396 2882 e
1425 2826 1693 2884 Societate

130 2934 190 2988 in
218 2932 466 2988 omnium
509 2929 703 2986 oculis.
741 2928 842 2985 Ille
864 2927 1017 3005 apud
1040 2937 1347 2983 matronam
1377 2926 1692 2986 illustrissi-

132 3053 280 3088 mam
311 3031 584 3108 degebat,
610 3032 669 3087 in
696 3050 820 3087 arce
842 3031 1047 3087 Somlio
1069 3075 1083 3103 7
1109 3031 1409 3106 Hungariae
1430 3030 1685 3085 finitima.

134 3135 254 3191 Hoc
276 3155 304 3191 a
329 3134 585 3191 Bathorio
615 3135 1004 3210 impetraverat
1031 3142 1297 3189 matronae
1318 3131 1508 3201 frater,
1541 3130 1692 3185 Prin-

135 3236 242 3312 cipi
285 3234 434 3292 fidus
476 3237 528 3291 in
565 3237 755 3313 paucis
784 3247 840 3294 et
871 3237 1166 3314 praefectus
1196 3236 1393 3291 aerarii.
1434 3231 1519 3289 Ad
1550 3231 1692 3288 hanc

1771 814 1978 868 Direptum

1720 879 1980 922 Commotovii

1721 953 1759 987 et

1722 1633 1828 1675 Albae
1845 1633 1868 1673 J
1872 1632 1964 1675 uliae

1722 1697 1949 1752 collegium.
