2210 3651
764 307 934 347 mnssx
975 303 1412 343 ALPHABETIGUS.
1868 278 1989 338 293

207 408 577 454 PONTISARAM
601 407 723 454 Socii
747 408 1024 452 introducti.
1046 403 1122 449 lv.
1145 404 1255 447 212.

203 488 548 535 PORTUENSE
575 489 836 549 Collegium
855 502 996 547 opera
1019 485 1064 532 S.
1087 483 1320 529 Francisci
1343 482 1520 542 Borgiae
1543 480 1807 526 obtentum.
1834 477 1892 524 11.
1915 478 1994 524 45.

204 569 511 616 POSNANIAE
539 571 815 631 Collegium.
842 569 925 615 III.
951 568 1026 614 67.

204 649 554 698 POSSEVINUS
580 651 651 712 (P.
673 650 923 712 Antonius)
949 661 1111 695 necem
1133 648 1211 691 vix
1235 645 1432 704 aufugit.
1456 643 1515 688 11.
1541 644 1618 690 94.
1643 649 1690 688 et
1713 656 1812 702 seq.

264 732 403 790 Apud
427 733 598 792 Regem
622 734 842 780 Carolum
867 732 955 787 IX,
979 731 1220 777 Societatis
1243 743 1428 774 causam
1453 729 1676 773 defendit.
1699 729 1804 774 145.

262 811 348 856 Per
370 818 514 859 varias
538 816 695 861 Galliae
717 819 923 860 civitates
945 817 1285 860 catholicorum
1312 815 1491 856 animos
1515 811 1777 856 confirmat.
1797 809 1905 855 205.

265 894 418 954 Regiae
442 898 595 941 classis
619 900 814 955 remiges
837 900 886 940 in
911 897 1002 941 fide
1020 896 1301 941 erudiendos
1319 900 1468 939 curat.
1493 891 1602 937 204.

262 975 549 1022 vesuntione
573 982 622 1021 in
648 978 838 1035 Synodo
863 978 1192 1023 Tridentinum
1216 978 1481 1024 Concilium
1506 977 1717 1034 exponit.
1741 971 1850 1018 256.

265 1056 558 1103 Pontificiam
582 1059 637 1102 ad
662 1057 837 1103 Sueciae
859 1072 1015 1116 regem
1041 1061 1141 1104 obit
1164 1061 1462 1118 legationem,
1486 1064 1532 1103 et
1553 1058 1640 1102 sub
1663 1058 1816 1115 specie
1843 1054 2000 1114 Legati

327 1139 479 1183 Mariae
497 1140 748 1183 Austriacae
772 1139 961 1197 publice
983 1140 1264 1185 admittitur.
1287 1139 1394 1185 287.

269 1219 440 1278 Regem
466 1220 686 1264 Ecclesiae
715 1220 1004 1265 reconciliat.
1031 1221 1139 1268 289.

266 1298 464 1344 Romam
485 1300 607 1344 redit
631 1300 768 1358 Regia
791 1299 944 1343 ferens
967 1302 1217 1358 postulata.
1241 1301 1349 1348 290.
1420 1360 1423 1363 Ι

268 1381 324 1426 In
351 1381 563 1428 Sueciam
590 1382 775 1426 rediens
799 1381 1008 1426 Poloniae
1035 1389 1080 1427 et
1104 1383 1363 1429 Germaniae
1392 1379 1625 1441 impendit
1651 1393 1861 1440 operam.
1888 1377 1994 1424 507.

265 1467 443 1514 Sueciae
465 1468 599 1527 Regis
624 1471 837 1512 animum
858 1470 1039 1512 invenit
1060 1469 1392 1513 abalienatum.
1419 1465 1506 1510 509
1532 1469 1577 1509 et
1602 1477 1702 1522 seq.

266 1548 423 1593 Patres
447 1563 471 1593 a
496 1549 630 1608 Regis
653 1555 908 1607 conspectu
931 1555 1167 1594 arcentur.
1193 1549 1299 1594 511.

267 1629 470 1689 Operam
487 1634 535 1674 in
555 1631 777 1689 Reginam
796 1633 907 1674 etin
926 1629 1060 1689 Regis
1082 1631 1234 1675 filium
1251 1628 1604 1690 sigismundum
1621 1625 1872 1687 impendit.
1897 1623 2004 1670 524.

268 1712 304 1756 E
329 1711 492 1757 Suecia
515 1712 751 1753 discedere
776 1715 977 1764 cogitur.
1004 1712 1109 1757 525.

269 1792 523 1851 Legatione
546 1792 752 1834 mittitur
775 1787 831 1831 ad
854 1787 1145 1832 Moscovitas.
1169 1790 1255 1831 III.
1282 1792 1357 1831 15.

270 1873 512 1933 Magnifica
533 1874 760 1930 receptio.
790 1895 847 1904 —
874 1870 1242 1914 Deliberationes
1265 1868 1321 1913 de
1346 1882 1476 1927 pace.
1502 1870 1578 1914 16.

270 1955 438 2000 Pacem
461 1955 725 2011 componit.
750 1951 809 1996 42
830 1957 876 1995 et
899 1965 996 2008 seq.

270 2038 528 2096 Religionis
553 2037 797 2094 negotium
821 2033 1055 2078 inutiliter
1076 2043 1356 2091 promovere
1380 2036 1599 2076 conatur.
1621 2029 1682 2075 44
1707 2034 1871 2087 etseq.

273 2117 497 2162 Discedit.
522 2117 600 2160 47.

270 2199 541 2244 Missionem
566 2198 666 2242 obit
688 2199 739 2241 in
766 2196 1039 2250 Germania,
1075 2193 1271 2238 Polonia
1293 2198 1340 2238 et
1368 2192 1744 2252 Transsylvania.
1772 2189 1848 2237 86.

212 2278 582 2326 PRAEPOSITUS
606 2278 858 2324 Generalis.
885 2278 1000 2335 Ejus
1024 2283 1243 2335 potestas.
1267 2275 1306 2321 I.
1329 2276 1408 2321 25.

278 2363 441 2407 Romae
459 2362 559 2418 ejus
579 2360 707 2404 sedes
730 2360 835 2404 fixa.
859 2357 940 2403 111.
969 2358 1043 2404 50.

214 2442 424 2487 PRAGAE
451 2441 712 2499 Collegium
735 2447 781 2484 et
800 2442 1062 2484 convictuS.
1087 2438 1125 2485 Ι.
1149 2440 1259 2486 264.

215 2522 528 2567 PRINCIPUM
562 2535 809 2580 personam
858 2525 1114 2580 spectantia
1151 2526 1410 2568 ministeria
1450 2519 1692 2581 quomodo
1731 2534 1758 2565 a
1788 2517 2017 2566 Societate

341 2603 654 2661 suscipienda.
680 2602 718 2646 I.
746 2602 855 2648 189.

284 2684 531 2729 Sociorum
566 2688 615 2728 in
651 2685 754 2728 aula
787 2687 1075 2729 versantium
1109 2686 1345 2743 pericula,
1382 2691 1427 2730 et
1451 2684 1617 2745 agendi
1648 2686 1785 2728 ratio.
1810 2680 1871 2728 11.
1909 2683 2014 2728 147.

219 2766 697 2812 PROCURATORUM
725 2765 1052 2825 Congregatio.
1078 2765 1115 2811 I.
1142 2767 1219 2813 29.

284 2849 437 2892 Prima
464 2850 741 2892 celebratur.
767 2847 827 2891 ΙΙ.
857 2848 941 2893 192
968 2854 1013 2893 et
1038 2863 1136 2907 seq.

287 2931 709 2989 Congregationem
726 2931 998 2977 Generalem
1020 2930 1078 2975 VI
1101 2930 1310 2976 decernit
1328 2929 1691 2976 convocandam.
1715 2927 1790 2973 IV.
1814 2924 1892 2973 90.

225 3011 648 3058 PROFESSORUM
677 3013 843 3070 gradus
866 3019 910 3056 et
935 3019 1057 3057 vota.
1085 3012 1125 3056 Ι.’
1145 3013 1221 3057 24.

226 3093 630 3140 PULTOVIENSE
656 3093 967 3144 Seminarium
988 3094 1236 3139 fundatum
1258 3101 1304 3140 et
1326 3094 1543 3141 Societati
1563 3088 2019 3138 donatum.IH.259.

228 3176 599 3224 PULVERARIA
624 3181 672 3222 in
692 3177 856 3237 Anglia
878 3181 1181 3239 conspiratio.
1205 3177 1282 3225 IV.
1307 3176 1365 3222 50
1388 3182 1434 3221 et
1454 3188 1553 3233 seq.
