2210 3651
441 266 712 303 ms‘romffi
753 265 1071 303 SOCIETATIS
1113 269 1265 308 Jnsu.
1524 252 1636 310 119

93 364 232 438 bus,
262 385 294 421 e
321 365 529 442 quibus
557 366 713 441 pium
744 365 1004 422 conflavit
1034 365 1350 425 sodalitium
1370 415 1385 443 7
1417 380 1471 429 et
1500 393 1639 449 quas

85 465 250 541 jussit
293 466 515 523 maritos
558 464 787 539 docere,
832 467 1117 524 instituere
1156 467 1332 540 filios7
1379 473 1639 531 omnibus

90 567 342 643 exemplo
372 569 587 644 praeire.
627 569 772 626 Huic
803 579 1068 626 matronae
1096 569 1245 626 filius
1275 578 1391 626 erat
1420 570 1641 631 adoles-

91 685 220 723 cens
262 667 318 722 in
360 668 662 726 Seminario
705 670 983 726 Boholano
1013 669 1295 728 Societatis
1334 671 1637 746 educatu5.,

88 766 324 826 Michael
372 769 714 848 Ayatumus,
767 771 914 827 dono
963 771 1207 848 quodam
1260 773 1462 829 divinae
1512 791 1642 849 pro-

88 867 346 926 videntiae
401 874 649 947 genitus,
685 881 773 928 ‘ut
830 871 1035 928 Indicae
1076 874 1355 948 juventuti
1406 872 1643 949 proponi

87 976 355 1044 tanquam
412 972 692 1048 exemplar
748 981 954 1048 posset.
1016 971 1080 1028 In
1131 991 1194 1029 eo
1245 981 1400 1029 erant
1458 973 1644 1028 omnia

85 1082 436 1145 ornamenta,
481 1093 608 1149 quae
651 1075 934 1129 ineuntem
988 1071 1382 1155 commendant
1423 1080 1644 1128 aetatem

83 1170 197 1226 imo
231 1192 367 1247 quae,
393 1174 451 1229 in
478 1174 846 1231 sanctioribus
881 1174 1068 1251 pueris
1104 1173 1466 1231 admiramur.
1508 1175 1645 1232 Soli-

83 1278 175 1328 tus
199 1274 358 1329 tertio
387 1293 613 1349 quoque
635 1275 724 1331 die
753 1275 908 1333 labes
932 1276 1100 1332 animi
1125 1295 1277 1333 sacra
1301 1276 1646 1335 confessione

85 1370 400 1448 detergere⁷
441 1373 499 1429 id
530 1375 839 1432 accuratius
879 1377 1137 1452 praestitit
1177 1395 1347 1452 seque
1387 1376 1459 1432 ad
1503 1397 1648 1434 mor-

84 1478 198 1527 tem
228 1481 452 1548 sumpto
475 1457 682 1530 coelesti
706 1476 902 1531 viatico
925 1478 1288 1552 comparavit,
1314 1478 1648 1538 duodecimo

86 1573 205 1632 Cal.
260 1574 529 1632 Decemb.
584 1595 754 1651 quem
808 1575 956 1632 diem
1007 1577 1135 1634 vitae
1185 1577 1648 1635 innocentissimae

84 1676 479 1746 novissimum,
514 1684 569 1731 et
604 1674 871 1732 divinitus
907 1677 1192 1752 cognitum
1229 1676 1451 1735 habuit.

248 1776 312 1832 In
339 1774 495 1831 India
530 1793 672 1830 nova
709 1775 878 1833 Sedes
911 1776 1039 1832 data
1075 1784 1158 1833 est
1199 1775 1469 1855 Episcopo
1508 1777 1649 1834 Tho-

88 1895 378 1932 maeorum.
416 1875 468 1933 Is
503 1884 620 1932 erat
660 1875 724 1932 P.
763 1876 1087 1934 Franciscus
1129 1878 1344 1951 Rozus‚
1385 1880 1483 1956 qui
1520 1899 1647 1937 cum

85 1977 432 2054 Religionem
488 1975 765 2034 indefesso
817 1976 1002 2034 studio
1052 1989 1413 2054 propagaret,
1465 1979 1650 2056 pluri-

88 2099 245 2136 mum
275 2099 307 2135 a
335 2079 542 2157 regulis
582 2079 815 2136 ethnicis
844 2099 908 2136 ac
944 2078 1193 2156 dynastis
1234 2079 1501 2137 molestiae
1544 2101 1651 2156 pa-

87 2178 353 2235 tiebatur.
408 2179 605 2236 Arcem
646 2179 934 2236 habebant
976 2179 1223 2236 Lusitani
1265 2180 1648 2255 Cranganore,

88 2302 217 2359 quae
257 2282 447 2339 civitas
496 2283 638 2338 inter
680 2280 1006 2337 Calecutum
1062 2289 1118 2337 et
1167 2281 1435 2339 Cocinum
1470 2279 1646 2338 sedet.

88 2383 379 2460 Optimum
438 2382 588 2439 factu
641 2383 854 2439 censuit
905 2383 1128 2441 Goanus
1192 2382 1651 2460 Archiepiscopus

91 2492 156 2540 ut
204 2483 268 2539 P.
321 2483 645 2540 Franciscus
693 2483 878 2541 Rozus
939 2484 1164 2556 relicta7
1216 2484 1315 2541 ubi
1375 2484 1646 2560 degebat,

92 2583 431 2659 Angamala,
476 2584 675 2641 Sedem
717 2584 1097 2661 Episcopalem
1142 2585 1492 2661 Cranganore
1534 2584 1654 2641 col-

93 2683 330 2756 locaret7
364 2684 464 2740 ubi
494 2704 650 2742 suam
681 2694 736 2741 et
756 2684 1034 2761 religionis
1053 2689 1437 2744 auctoritatem
1462 2696 1654 2744 contra

94 2789 208 2846 vim
237 2796 292 2844 et
322 2786 631 2844 molitiones
666 2788 896 2844 istorum
930 2788 1280 2864 regulorum,
1313 2787 1570 2865 praesidio
1602 2797 1656 2845 et

95 2890 262 2946 armis
299 2887 686 2946 Lusitanorum
721 2889 885 2944 tutari
923 2899 1132 2965 posset.
1181 2890 1360 2947 Facile
1399 2906 1656 2947 assensus

97 3000 185 3048 est
215 2991 506 3048 -Summus
569 2990 822 3048 Pontifex
881 2990 1088 3049 Paulus
1154 2992 1223 3064 V,
1289 3000 1343 3049 et
1414 2999 1654 3048 veterem

101 3091 514 3169 Archiepiscopi
565 3091 822 3165 titulum7
874 3111 987 3169 quo
1037 3091 1464 3170 Angamalenses
1522 3089 1654 3144 olim

103 3189 388 3250 Antistites
464 3192 788 3269 gaudebant
807 3237 822 3266 7
907 3192 1346 3271 Cranganorensi
1431 3185 1656 3264 praesuli

1738 1778 1784 1819 P.
1808 1779 1936 1820 Rozus
1946 1810 1961 1833 ‚

1685 1842 1932 1896 Cranganori

1686 1906 1959 1962 Archiepisco-

1685 1986 1780 2028 Pus)
