2210 3651
206 2070 255 2110 P.
279 2068 460 2110 Valdivia

161 2135 354 2176 barbaros
418 2135 459 2176 in

160 2201 294 2241 Perua
343 2206 459 2240 vocat

159 2266 207 2305 ad
231 2266 457 2307 libertatem

508 297 537 355 1
549 295 628 354 94
1173 315 1414 353 EPITOME

507 417 681 476 debat
738 416 1052 497 neophytos
1095 417 1277 475 beatae
1333 437 1461 495 spes
1504 417 1969 490 immortalitatiS‚
2023 425 2086 474 ut

507 520 728 597 cognati
770 529 825 578 et
857 521 1021 578 amici
1051 518 1382 597 parentibus
1423 522 1676 579 venirent
1704 519 2080 597 gratulatum,

507 623 670 681 obitu
698 623 944 689 filiorum
984 622 1449 681 Christianorum.
1492 624 1814 681 Fraternam
1853 623 2086 681 charita-

506 736 617 784 tem
649 747 762 784 non
787 727 1167 785 metiebantur
1198 735 1417 784 tantum
1444 726 1715 802 diligendi
1745 727 2081 796 sinceritate,

504 828 604 885 sed
642 829 822 886 multo
857 829 1034 907 magis
1071 829 1388 906 opitulandi
1421 829 1833 902 sollieitudine,
1875 831 1983 901 sic7
2021 836 2088 885 ut

501 933 853 1009 singulorum
903 933 1261 990 incommoda
1312 951 1612 990 commune
1662 929 2085 1009 quodammodo

500 1036 713 1094 malum
764 1045 970 1095 essent.
1027 1036 1302 1092 Praeterea
1350 1036 1729 1112 jejuniorum,
1779 1034 2086 1092 ciliciorum

499 1146 555 1195 ct
574 1137 931 1214 flagellorum
964 1137 1161 1194 creber
1191 1158 1254 1194 ac
1291 1139 1568 1215 pretiosus
1592 1157 1758 1210 ususa
1792 1157 1908 1193 non
1941 1137 2088 1192 inter

490 1243 729 1317 juvenes
782 1239 950 1296 niodo
1009 1258 1256 1315 quorum
1317 1248 1451 1297 aetas
1501 1240 1821 1311 robustior,
1887 1257 2085 1295 verum

498 1343 665 1399 etiam
697 1342 842 1398 inter
872 1361 1051 1398 senes.
1082 1341 1218 1398 Haec
1253 1340 1475 1418 aliaque
1503 1342 1685 1417 gravis
1719 1339 1989 1396 momenti
2013 1337 2087 1395 ad.

498 1443 741 1500 Sinicam
786 1443 1110 1501 Missionem
1155 1444 1492 1520 pertinentia
1548 1463 1771 1501 summo
1828 1442 2086 1499 Pontifici

497 1556 828 1604 narraturus
859 1546 924 1602 P.
951 1545 1218 1604 Nicolaus
1250 1545 1553 1623 Trigaltius
1580 1547 1816 1603 Romam
1849 1555 1933 1603 est
1961 1564 2087 1622 pro-

496 1649 712 1721 fectus,
772 1648 946 1711 unde,
972 1648 1045 1704 ad
1092 1648 1250 1705 Sinas
1294 1657 1489 1704 octavo
1533 1657 1662 1726 post
1706 1667 1852 1704 anno
1893 1646 2080 1704 rediit.

495 1750 824 1808 Nankinum
868 1771 935 1807 ex
979 1749 1202 1827 Europa
1251 1760 1500 1809 recentes
1552 1739 1789 1829 operarii
1831 1751 2086 1828 quinque

496 1860 882 1924 accesserunt⁷
930 1851 1033 1908 ubi
1072 1852 1338 1909 continuo
1389 1853 1448 1908 in
1490 1851 1890 1930 perdiscendas
1932 1851 2087 1909 Sina-

495 1976 625 2013 rum
656 1944 868 2012 litteras
906 1953 1240 2012 incubuere.
1877 1940 1881 1941 ἶ

662 2056 890 2115 Miserat
956 2057 1013 2112 in
1085 2056 1370 2135 Europam
1436 2065 1565 2114 ante
1627 2056 2084 2133 quinquennium

497 2163 696 2220 Comes
754 2159 1131 2232 Monclarius7
1179 2160 1377 2217 Pei-uae
1427 2161 1669 2232 Prorex7
1722 2158 1787 2215 P.
1843 2157 2084 2216 Ludovi-

494 2286 624 2324 cnm
671 2263 1015 2336 'Valdiviam⁷
1055 2264 1155 2339 qui
1199 2263 1460 2340 Philippo
1499 2262 1574 2319 III
1618 2262 1757 2337 Regi
1796 2260 2084 2318 Catholico

494 2370 768 2427 Indorum
792 2367 1136 2425 calamitates
1161 2411 1174 2440 7
1209 2377 1264 2423 et
1294 2355 1677 2446 Hispanorum
1708 2367 1765 2422 in
1794 2366 1860 2422 iis
1881 2385 2083 2422 vexan-

493 2471 580 2530 dis
623 2471 854 2549 injurias
914 2479 1238 2547 exponeret.
1295 2472 1414 2527 Rex
1466 2471 1599 2526 huic
1648 2470 1877 2545 utrique
1932 2468 2082 2525 malo

492 2574 695 2629 idonea
716 2571 963 2628 remedia
995 2570 1193 2629 sedulo
1224 2571 1424 2630 afferre
1456 2572 1764 2645 meditans,
1790 2572 1900 2630 illis
1925 2572 2082 2630 adhi-

493 2672 697 2731 bendis
731 2672 1127 2731 administrum
1169 2664 1453 2752 delegerat
1498 2676 1687 2753 ipsum
1731 2674 2077 2749 Valdiviam,

493 2796 741 2854 eumque
771 2775 1091 2834 Chilensem
1133 2777 1476 2857 Episcopum
1521 2780 1924 2837 nominaverat.
1968 2780 2081 2837 Ve-

491 2902 620 2938 rum
650 2881 858 2939 adduci
897 2900 1011 2939 non
1050 2884 1238 2960 potuit
1275 2883 1541 2942 alumnus
1576 2884 1775 2961 Ignatii
1807 2893 1870 2940 ut
1911 2882 2078 2940 obla-

491 2991 615 3039 tum
657 2983 926 3041 honorem
966 2984 1308 3043 admitteret.
1357 2987 1535 3064 Igitur
1576 2986 1817 3051 molliori
1846 2995 2076 3043 ornatus

491 3085 692 3160 titulo,
749 3095 1036 3165 tamquam
1087 3090 1240 3165 pacis
1289 3089 1521 3163 arbiter,
1568 3098 1624 3147 et
1662 3087 1879 3146 Chileni
1919 3088 2077 3165 regni

490 3191 761 3264 visitator,
806 3191 865 3247 in
908 3189 1222 3249 American]
1282 3193 1547 3251 remissus
1605 3210 1753 3248 anno
1805 3187 2077 3268 superiori

492 3291 707 3367 fuerat,
763 3294 1120 3372 perrexitque
1176 3293 1284 3352 hoc
1338 3303 1395 3352 et
1442 3293 1812 3372 sequentibus
1861 3291 2077 3368 aliquot
