2210 3651
473 267 744 303 ffls‘romAE
785 264 1105 303 SOCIETAT1S
1147 269 1297 306 JESU.
1588 251 1662 310 51

116 379 272 442 rent,
304 389 472 446 quam
494 389 566 427 ne
591 369 730 447 quid
764 367 979 426 infandi
1009 366 1222 424 consilii
1253 368 1533 428 suboleret
1559 371 1669 429 Pa-

113 470 294 528 tribus
330 470 649 542 Societatis3
684 479 872 528 tamen
898 470 963 528 P.
1000 469 1272 527 Hem-icus
1301 469 1573 531 Garnetus
1603 494 1671 532 ex

112 571 336 629 illorum
378 572 760 646 sermonibuS,
792 593 859 630 ex
901 571 1121 630 insolita
1159 571 1560 649 trepidatione,
1601 594 1672 632 ex

112 672 330 730 silentio
360 673 646 731 interdum
678 675 853 746 truci,
879 694 942 731 ac
973 674 1164 730 tetrico
1187 673 1371 747 vultu,
1406 678 1676 752 persensit

111 774 323 851 aliquid
381 775 454 832 ab
510 776 577 834 iis
628 777 687 832 in
738 775 1023 853 publicam
1083 775 1381 851 perniciem
1439 778 1670 834 moveri.

113 876 495 955 Suspicionem
547 898 705 936 suam
751 877 1055 954 Praeposito
1097 875 1350 933 Generali
1393 876 1677 935 Societatis

115 981 352 1055 aperuit.
382 980 684 1056 Rescripsit
714 978 1000 1055 Aquaviva
1024 980 1175 1035 omni
1198 998 1303 1056 ope
1324 979 1678 1037 suadendum

115 1081 430 1155 catholicis,
474 1090 539 1138 ut
582 1081 821 1138 violenta
863 1081 1207 1158 deponerent
1247 1081 1502 1155 consilia,
1546 1082 1678 1158 ipsis

115 1202 180 1239 ac
214 1183 463 1260 religioni
513 1182 752 1241 funesta.
808 1182 889 1238 Ita
926 1183 1128 1240 sentire
1161 1181 1456 1239 Summum
1496 1182 1682 1239 Ponti-

116 1283 310 1354 ficem,
352 1285 426 1340 ita
456 1284 677 1359 jubere.
714 1283 828 1341 Has
858 1283 1136 1361 Catesbyo
1166 1283 1376 1341 litteras
1406 1283 1680 1342 Garnetus

115 1385 380 1441 ostendit.
434 1383 535 1440 Ille
571 1384 757 1440 omnia
799 1403 1132 1460 pernegare,
1178 1385 1290 1440 imo
1320 1385 1424 1441 iter
1455 1386 1514 1440 in
1550 1383 1680 1442 Bel-

116 1486 270 1561 gium
303 1483 544 1541 similare
573 1484 645 1540 ad
683 1483 1011 1542 Archiducis
1041 1491 1249 1554 castra,
1290 1493 1353 1539 ut
1382 1484 1461 1539 ibi
1490 1494 1680 1541 contra

116 1589 347 1646 Batavos
377 1587 674 1645 foederatos
709 1587 1087 1663 depugnaret3
1127 1603 1279 1640 arma
1300 1628 1314 1657 ,
1343 1603 1549 1660 equos,
1583 1586 1682 1642 mi-

116 1689 241 1747 lites
280 1707 505 1766 parare,
547 1706 659 1764 quo
697 1686 918 1763 longius
958 1686 1178 1757 PatreS,
1219 1694 1274 1743 et
1302 1685 1579 1762 populum
1608 1687 1682 1744 ab

117 1791 268 1847 omni
329 1789 642 1866 suspicione
705 1798 978 1846 avocaret.
1049 1787 1426 1846 Nihilominus
1496 1808 1686 1848 secum

124 1901 391 1969 reputans
426 1889 871 1967 magnitudinem
907 1889 1181 1967 designati
1216 1889 1505 1964 facinoris,
1546 1891 1687 1948 Pon-

119 1992 282 2050 tificis
314 1997 500 2068 jussa,
553 1991 822 2069 periculi,
871 1992 916 2049 si
957 2011 1044 2050 res
1089 1991 1233 2049 male
1275 1992 1524 2065 caderet,
1568 2011 1689 2068 gra-

124 2096 381 2163 vitatem,
439 2095 624 2150 timuit
675 2113 746 2150 ne
801 2092 942 2169 quid
983 2094 1037 2148 in
1093 2113 1158 2149 eo
1223 2083 1481 2165 consiliO,
1533 2092 1691 2169 quod

122 2196 425 2273 Religionis
489 2214 654 2253 causa
712 2194 1145 2270 suscipiebatur,
1203 2193 1401 2270 flagitii
1457 2193 1686 2266 lateret,

125 2299 547 2375 Garnetumque
569 2295 857 2354 consulere
882 2295 1144 2352 decrevit.
1164 2295 1312 2351 Patri
1337 2295 1687 2369 GreenveIIO,

125 2399 263 2456 dum
306 2399 459 2477 apud
509 2419 638 2456 eum
697 2407 923 2476 peccata
972 2396 1303 2474 deponeret,
1357 2396 1691 2454 meditatum

124 2500 363 2573 facinus,
397 2501 723 2577 interposita
753 2499 1164 2557 sacramentalis
1186 2500 1370 2556 arcani
1394 2497 1687 2575 religione,

129 2601 448 2675 confitetur,
491 2601 734 2677 facitque
773 2609 1106 2678 potestatem
1148 2601 1353 2676 negotii
1397 2619 1525 2656 cum
1561 2600 1693 2656 Gar-

127 2713 256 2761 neto
285 2702 735 2760 communicandi
764 2724 776 2759 :
804 2721 866 2759 ea
890 2711 1076 2759 tamen
1099 2702 1449 2773 conditione,
1474 2702 1688 2778 inquit,

130 2812 196 2862 ut'
244 2814 440 2862 neuter
490 2813 736 2862 vestrum
790 2805 1004 2881 aperire
1051 2803 1207 2880 quod
1263 2802 1431 2859 modo
1492 2801 1694 2878 loquor

129 2916 315 2964 tecum
379 2908 588 2985 possit,
653 2915 953 2983 antequam
1003 2904 1063 2961 id
1126 2903 1355 2962 aliunde
1415 2903 1484 2960 sit
1533 2902 1693 2961 vobis

134 3016 478 3084 compertum
499 3053 513 3081 ,
547 3028 610 3065 ac
648 3006 860 3064 tamdiu
893 3007 1077 3064 arcani
1110 3026 1262 3065 sacra
1297 3005 1418 3082 lege
1459 3013 1696 3080 uterque

137 3116 382 3164 vestrum
406 3118 682 3183 teneatur,
715 3109 853 3166 dum
882 3127 969 3167 res
997 3117 1112 3165 tota
1142 3106 1413 3186 patefacta
1441 3106 1531 3163 sit.
1564 3104 1696 3159 Gar-

137 3219 335 3285 netus,
377 3231 545 3290 supra
582 3234 753 3291 quam
795 3214 902 3272 dici
944 3220 1129 3291 potest
1167 3208 1421 3287 expavit,
1464 3208 1696 3281 ejusque
