2210 3651
535 225 613 284 56
1201 246 1441 286 EPITOME

535 346 711 420 tud0,
759 366 1002 426 cumque
1043 357 1219 406 tortor
1267 351 1550 410 succidere
1597 364 1818 431 pararet
1858 364 2059 415 restem
2080 401 2095 431 ,

537 456 838 526 antequam
876 452 1119 509 animam
1157 453 1429 528 efflasset,
1468 456 1707 514 clamore
1730 459 1953 516 sublato
1973 478 2100 536 pro-

535 547 745 608 hibuit.
779 550 988 609 Eodem
1017 573 1147 610 vero
1183 555 1440 614 carnifice
1468 558 1725 616 avulsum
1757 569 1980 636 pectore
2009 578 2103 617 cor

536 651 800 711 manibus
832 655 1103 728 cruentis,
1140 664 1205 711 ut
1233 656 1471 731 assolet,
1501 669 1875 733 monstrante,
1909 679 2102 718 omnes

536 752 768 830 lugubri
801 766 857 814 et
897 756 1181 834 eloquenti
1229 759 1445 817 silentio
1493 762 1867 819 innocentiam
1907 761 2103 840 optimi

538 855 850 915 Sacerdotis
873 859 1278 936 praedicarunt3
1313 872 1411 920 aut
1441 864 1485 921 si
1509 885 1621 941 qua
1643 885 1750 923 vox
1775 865 1963 923 audita
1987 873 2070 923 est
2086 908 2102 937 ,

539 977 731 1016 eorum
763 958 870 1016 fuit
910 963 1008 1039 qui
1045 962 1293 1021 dicerent
1333 985 1693 1043 nequaquam
1728 968 1873 1025 hanc
1913 966 2105 1045 prodi-

488 1084 495 1091 ·
538 1062 673 1119 toris
704 1072 941 1120 mortem
978 1084 1118 1123 esse.
1153 1064 1379 1123 Annum
1411 1069 1588 1125 aetatis
1621 1069 1824 1146 agebat
1856 1070 2104 1146 primum

206 1694 299 1725 cum
319 1681 457 1724 Fratre

207 1747 297 1792 Nic.
319 1748 500 1791 Odoeno.

539 1171 595 1220 et
634 1165 1198 1243 quinquagesimum,
1238 1169 1585 1246 trigesimum
1622 1171 1869 1247 primum
1898 1172 1953 1227 in
1998 1170 2105 1226 So-

540 1266 736 1324 cietate
755 1311 769 1340 ,
795 1269 1123 1344 vigesimum
1148 1290 1179 1325 a
1203 1289 1304 1327 suo
1335 1270 1392 1325 in
1414 1271 1651 1346 patriam
1673 1271 1852 1327 reditu
1872 1316 1887 1343 ,
1911 1273 1972 1327 in
1992 1289 2106 1347 qua

537 1387 639 1444 per
661 1368 855 1426 decem
885 1381 940 1427 et
969 1380 1093 1428 octo
1115 1390 1289 1429 annos
1325 1371 1497 1429 Sociis
1519 1370 1852 1449 praefuerat3
1879 1371 2111 1430 dotibus

539 1471 806 1529 omnibus
868 1493 1244 1550 quaecumque
1297 1474 1480 1530 virum
1538 1474 1906 1551 apostolicum
1964 1493 2113 1532 com-

537 1569 842 1650 mendant,
877 1578 1284 1637 ornatissimus.

702 1679 946 1757 Operam
1002 1680 1066 1737 P.
1136 1680 1377 1738 Garneto
1433 1690 1489 1739 et
1545 1681 1829 1742 catholicis
1891 1682 2112 1760 pridem

538 1780 784 1839 navabat
830 1781 1054 1859 adjutor
1094 1781 1435 1842 domesticus
1479 1784 1799 1859 Societatis,
1845 1784 2110 1843 Nicolaus

538 1884 840 1958 Odoenus,
896 1886 1011 1944 sive
1052 1886 1353 1962 Owenius,
1388 1886 1626 1966 Anglus.
1680 1891 1808 1948 Non
1855 1888 1999 1948 alius
2047 1907 2113 1947 eo

537 1987 767 2065 peritior
813 1987 1140 2066 feliciorque
1180 1990 1254 2047 ad
1294 1991 1691 2068 excogitandas
1733 1991 2010 2066 latebraS,
2056 1999 2116 2049 et

537 2091 794 2150 vivorum
846 2091 1132 2170 sepulcra,
1184 2094 1243 2149 in
1295 2094 1508 2170 quibus
1557 2094 1737 2150 abditi
1795 2086 2110 2151 sacerdotes

539 2191 769 2271 lynceos
816 2195 907 2253 vel
952 2196 1258 2253 acutissimi
1295 2195 1661 2272 exploratoris
1707 2194 1900 2252 oculos
1940 2194 2117 2270 fugie-

539 2294 702 2353 bant.
765 2295 840 2352 Ea
890 2316 1020 2353 cum
1069 2292 1217 2352 fama
1267 2296 1737 2373 percrebruisset,
1796 2295 2116 2353 incredibili

540 2396 731 2455 studio
795 2398 868 2455 ad
933 2417 1064 2455 eum
1137 2397 1732 2481 comprehendendum
1795 2397 2116 2455 excubabat

543 2499 850 2557 satellitum
892 2499 1199 2573 industria,
1249 2501 1348 2577 qui
1384 2498 1591 2557 multos
1631 2497 1740 2554 hoc
1787 2516 1901 2554 uno
1952 2507 2115 2576 capto

544 2603 845 2680 capiendos
880 2603 1243 2679 judicabant,
1285 2603 1497 2679 quippe
1527 2601 1624 2678 qui
1662 2600 1848 2657 omnia
1884 2619 2114 2678 pernos-

460 2743 463 2744 ν
542 2712 627 2762 set
676 2704 943 2778 latibula,
997 2714 1053 2762 et
1101 2705 1211 2762 illis
1256 2703 1574 2783 patefactis,
1628 2702 1768 2758 nihil
1816 2721 1988 2759 morae
2029 2701 2116 2759 fu-

541 2815 732 2863 turum
779 2808 1231 2880 arbitrabantur,
1297 2807 1434 2884 quin
1486 2804 1811 2862 Sacerdotes
1862 2804 2117 2881 plerique

543 2925 768 2982 omnes,
813 2918 910 2966 aut
954 2908 1590 2987 comprehenderentur,
1635 2916 1733 2964 aut
1772 2904 1971 2982 Anglia
2012 2925 2114 2962 ex—
2178 2930 2180 2934 ⁷

545 3010 826 3069 cederent.
889 3013 1085 3089 Itaque
1141 3022 1443 3090 postquam
1495 3009 1761 3067 Odoenus
1809 3008 1868 3063 in
1916 3026 2113 3064 eorum

543 3112 815 3170 inciderat
872 3134 1102 3188 manus,
1151 3115 1535 3172 exclamarunt
1586 3134 1597 3168 :
1659 3130 1812 3198 nunc
1867 3111 2113 3187 denique
2202 3163 2210 3170 ,,

543 3214 753 3275 refossa
801 3215 1080 3295 talparum
1133 3217 1372 3292 cubilia,
1426 3235 1576 3274 nunc
1624 3223 1816 3292 patere
1868 3212 2111 3270 latebras
