2210 3651
455 277 729 318 HISTORIAE
770 274 1089 315 socm‘rA‘ns
1129 278 1275 316 Jsssu.
1572 259 1651 318 65

98 396 216 444 trus
265 394 321 443 et
369 383 663 460 Philippus
712 378 1117 452 Christianam,
1171 398 1316 437 anno
1372 383 1655 458 superiore

97 485 273 563 legem
296 483 529 562 professi
559 501 833 559 :quorum
859 480 949 539 hic
977 480 1347 558 amplissimas
1368 482 1438 536 ad
1468 502 1654 558 regem

95 587 391 645 Lusitaniae
431 585 640 642 litteras
684 583 870 656 dedit,
915 592 970 640 et
997 583 1148 658 Rege
1176 600 1303 638 vere
1344 580 1655 639 Christiano

97 688 469 764 dignissimas.
506 686 570 743 In
599 686 664 743 iis
694 684 1041 762 significabat
1062 727 1076 756 a
1109 701 1220 739 non
1251 681 1432 740 solum
1463 680 1657 740 fratres

96 797 151 847 et
192 787 428 861 liberos,
474 785 572 846 sed
613 785 888 863 populum
941 803 1162 841 omnem
1205 803 1371 841 suum
1413 781 1659 840 divinam

97 890 456 968 adoptionem
494 889 776 966 baptismo
819 886 990 945 fuisse
1033 894 1357 944 consecutos
1406 907 1417 942 z
1460 893 1662 962 postu-

95 990 252 1048 labat
287 990 570 1047 Societatis
607 987 961 1061 Sacerdotes7
1004 988 1101 1064 qui
1138 986 1283 1043 bene
1321 994 1499 1062 coepta
1529 1003 1664 1062 pro-

98 1100 415 1164 moverent,
463 1111 527 1148 ac
567 1089 824 1148 futurum
876 1087 1192 1166 spondebat
1243 1095 1304 1144 ut
1352 1084 1667 1163 quamlibet

100 1194 265 1252 multi
287 1196 538 1253 venirent
565 1195 630 1252 iis
660 1193 740 1251 rei
769 1191 980 1249 nullius
1011 1190 1228 1248 deesset
1257 1188 1435 1265 copia.
1468 1187 1667 1245 Petrus

101 1317 199 1354 rex
236 1297 427 1369 Torae⁷
468 1296 769 1352 decennem
813 1292 1052 1350 filiolum
1090 1309 1258 1349 suum
1294 1288 1669 1347 erudiendum

100 1408 157 1456 et
205 1395 608 1474 baptizandum
657 1394 918 1450 Patribus
969 1392 1159 1463 dedit,
1213 1409 1277 1447 ac
1324 1389 1493 1466 paulo
1542 1397 1672 1466 post

104 1498 343 1556 alterum
399 1495 628 1553 biennio
685 1497 974 1570 maiorem.
1043 1489 1192 1547 Illud
1250 1489 1555 1547 studebant
1610 1490 1672 1545 in

102 1599 298 1678 primis
339 1597 561 1669 Patres,
612 1604 677 1652 ut
724 1593 1052 1672 praeclaram
1101 1591 1172 1648 de
1214 1590 1481 1668 religione
1522 1589 1673 1647 exis-

104 1700 450 1757 timationem
502 1697 809 1773 defigerent
865 1696 924 1751 in
981 1693 1301 1772 principum
1368 1709 1673 1769 puerorum

106 1801 414 1873 mentibu53
451 1800 582 1859 satis
610 1799 798 1877 gnari,
831 1797 997 1855 altius
1034 1796 1246 1853 haerere
1273 1813 1402 1871 quae
1430 1791 1674 1849 rudibus

106 1904 265 1961 annis
294 1903 607 1979 animisque
646 1901 1016 1971 mandantur3
1050 1908 1105 1957 et
1140 1906 1204 1955 ut
1240 1895 1500 1973 quidque
1538 1893 1675 1973 plu-

109 2006 235 2062 rimi
261 2004 327 2061 fit
346 2048 360 2076 a
391 2005 466 2060 ita
495 2002 855 2080 cupidissime
883 2000 1084 2078 arripi,
1117 2018 1181 2055 ac
1208 1997 1452 2055 retineri.

274 2105 612 2181 Supererant
640 2106 699 2160 in
733 2122 905 2180 regno
946 2101 1236 2179 Angolano
1266 2109 1376 2157 tres
1406 2098 1680 2154 duntaxat

113 2206 398 2266 Societatis
447 2205 802 2275 Sacerdote53
856 2204 1051 2260 ceteris
1099 2202 1293 2258 labore
1340 2197 1431 2257 vel
1479 2197 1680 2255 morbo

115 2309 482 2386 consumptis.
518 2307 731 2364 Venere
764 2303 1017 2364 subsidio
1043 2303 1154 2361 ΡΡ.
1190 2301 1437 2360 Eduard.
1482 2301 1682 2359 Vazius

116 2421 172 2470 et
198 2410 523 2468 Franciscus
560 2408 812 2481 Goisius,
846 2427 974 2464 cum
1011 2405 1209 2478 fratre,
1248 2404 1328 2461 rei
1365 2402 1684 2460 domesticae

116 2513 391 2590 adjutore.
452 2508 758 2568 Confestim
815 2509 872 2565 in
931 2507 1214 2584 regionem
1280 2506 1598 2563 interiorem
1655 2523 1688 2560 e

117 2614 361 2672 Loandae
394 2620 562 2690 portu
603 2611 912 2688 progressi,
956 2628 1188 2665 manum
1230 2608 1385 2685 operi
1425 2606 1689 2664 admove-

121 2725 275 2774 runt.
313 2714 533 2772 Primus
573 2712 683 2770 illis
718 2722 773 2769 et
807 2709 1250 2790 pernecessarius
1287 2707 1449 2765 labor
1489 2707 1548 2763 in
1583 2724 1690 2783 op-

121 2817 349 2897 pidulo⁷
387 2820 545 2893 cujus
585 2814 781 2872 incolae
816 2812 1071 2891 quamvis
1111 2809 1311 2868 initiati
1347 2814 1690 2867 sacramento

127 2919 350 2992 salutis,
410 2918 564 2996 gravi
616 2926 805 2973 tamen
860 2933 1045 2972 rerum
1104 2912 1421 2969 divinarum
1477 2907 1693 2966 inscitia

128 3022 483 3079 laborabant.
521 3021 702 3093 Quin,
742 3017 1019 3096 templum
1057 3013 1373 3072 retinebant
1407 3019 1595 3080 vetus,
1635 3008 1696 3064 in

135 3141 249 3200 quo
293 3123 689 3200 spectabantur
726 3140 850 3179 ossa
886 3118 1311 3197 elephantorum
1358 3123 1413 3171 et
1456 3108 1696 3168 testudi-

137 3244 274 3283 num
291 3269 306 3298 ,
333 3243 624 3301 caprarum
653 3223 856 3301 capita,
881 3221 1133 3280 ridiculae
1155 3219 1447 3277 hominum
1468 3212 1691 3281 formaet,

391 3344 555 3422 Tom.
604 3343 719 3403 IV.
1417 3335 1454 3392 5
