2210 3651
448 259 720 296 HISTomAE
761 257 1079 296 socIE'rAT1s
1123 262 1272 300 Jsssu.
1569 245 1648 303 149

97 363 221 421 Sedi
265 359 595 438 Apostolicae
626 359 822 418 fuisset
862 360 1278 437 obsequentior.
1328 364 1653 425 Meminerat

95 484 222 543 quae
262 463 523 521 Patribus
572 480 684 518 non
727 461 899 520 semel
955 461 1199 519 dedisset
1240 464 1545 538 promissa,
1598 478 1655 526 et

95 564 429 622 audiebatur
471 582 618 640 saepe
669 582 795 618 cum
849 563 1056 619 diceret
1102 582 1296 619 eorum
1348 565 1655 622 restitutio-

93 687 223 724 nem
272 686 430 724 suam
482 683 600 723 esse
650 683 896 736 causam,
944 683 1049 719 nec
1097 662 1248 720 illius
1297 664 1655 722 conficiendae

97 788 287 824 curam
337 788 367 823 a
420 786 510 839 se,
558 767 664 824 nisi
707 786 833 823 cum
878 766 997 842 ipsa
1046 765 1190 835 vita,
1238 764 1651 841 deponendam.

94 871 262 929 Hunc
300 870 514 928 nodum
557 868 865 927 Cardinalis
908 868 1145 945 Joyosa7
1190 867 1355 942 Regis
1399 866 1657 924 Christia-

93 972 306 1029 nissimi
349 970 582 1046 negotiis
616 969 770 1046 apud
800 969 1001 1025 Sedem
1038 966 1414 1044 Apostolicam
1444 986 1660 1044 praepo-

95 1072 233 1130 situs
254 1117 268 1145 ‚
329 1072 404 1127 ita
463 1071 646 1129 solvit.
711 1071 987 1147 Principio
1036 1069 1285 1127 laudavit
1338 1070 1659 1146 aequitatem

93 1171 253 1229 Pauli
283 1172 328 1229 V
358 1181 412 1249 et
434 1192 624 1228 curam
648 1173 1007 1230 restituendae
1037 1171 1322 1228 Societatis
1342 1215 1356 1244 7
1390 1171 1449 1228 id
1479 1193 1657 1230 unum

93 1272 262 1330 modo
291 1274 406 1349 peti
428 1272 620 1329 docuit
641 1282 703 1328 ut
725 1273 879 1330 nulla
903 1275 1047 1330 inter
1070 1274 1411 1331 conditiones
1437 1294 1659 1352 compo-

93 1373 295 1430 nendae
324 1373 475 1449 pacis
508 1373 666 1429 fieret
688 1375 895 1430 mentio
917 1375 1077 1432 istius
1105 1376 1501 1433 restitutionis:
1534 1397 1659 1435 eam

92 1473 266 1529 nihilo
290 1473 468 1530 secius
491 1472 647 1529 brevi
672 1473 1073 1530 conficiendam
1112 1495 1123 1528 :
1164 1476 1294 1532 satis
1317 1478 1658 1535 auctoritatis

92 1575 151 1631 in
186 1572 328 1630 Sede
363 1572 680 1650 Apostolica
702 1618 716 1646 ,
758 1575 888 1632 satis
923 1576 983 1630 in
1031 1574 1280 1651 Regibus
1324 1576 1563 1635 Henrico
1605 1588 1662 1635 et

100 1675 362 1753 Philippo
398 1676 599 1732 virium
639 1685 694 1733 et
733 1676 868 1733 fidei
897 1675 1184 1749 futurum,
1229 1686 1293 1733 ut
1332 1676 1660 1736 Societatem

96 1779 518 1855 quamprimum
558 1777 928 1835 revocandam
971 1787 1230 1834 curarent
1292 1799 1304 1834 ε
1357 1777 1416 1835 id
1457 1779 1665 1838 instare

93 1878 264 1935 modo
285 1923 299 1952 ,
333 1880 393 1936 id
424 1889 593 1956 caput
621 1899 773 1952 esse,
812 1889 876 1935 ut
905 1879 1202 1936 imminens
1232 1879 1425 1936 Romae
1445 1925 1460 1953 ‚
1492 1880 1665 1938 Italiae

94 1981 228 2053 toti,
272 1990 442 2058 atque
476 1981 734 2040 Ecclesiae
764 1980 982 2038 bellum
1013 1990 1171 2036 atrox
1206 1980 1659 2058 propulsaretur3

96 2103 210 2162 quo
241 2085 548 2161 composito
573 2093 752 2140 cetera
781 2081 941 2138 facile
969 2082 1329 2158 impetratum
1360 2083 1448 2138 iri.

258 2185 341 2241 Ita
370 2183 592 2241 locutus
633 2204 762 2239 cum
803 2183 976 2239 Paulo
1000 2182 1047 2238 V
1077 2182 1386 2241 Cardinalis
1421 2184 1660 2261 Joyosa‚

96 2285 442 2363 Aquavivam
479 2285 849 2362 Praepositum
888 2282 1214 2340 Generalem
1250 2283 1536 2343 Societatis
1565 2305 1666 2363 ag-

97 2390 369 2467 greditur.
420 2389 595 2444 Docet
627 2387 686 2442 in
721 2405 892 2442 manu
933 2387 1052 2461 ejus
1090 2403 1208 2441 esse
1236 2404 1430 2461 pacem
1460 2385 1664 2459 Italiae,

98 2489 383 2547 Pontificis
411 2487 821 2558 auctoritatem7
848 2489 1081 2562 ejusque
1104 2504 1272 2542 onere
1293 2485 1668 2544 molestissimi

97 2589 236 2646 belli
267 2599 322 2646 et
352 2588 724 2647 sollicitudine
754 2586 1031 2644 liberandi
1060 2585 1324 2663 gloriam,
1364 2589 1410 2645 si
1444 2589 1669 2665 optatis-

101 2691 298 2749 simam
326 2691 470 2747 inter
507 2689 669 2747 illum
704 2698 758 2746 et
787 2688 1026 2746 Venetos
1050 2690 1403 2746 concordiam
1434 2691 1664 2765 sanciri7

100 2792 257 2849 nulla
292 2791 652 2849 restituendae
687 2791 972 2849 Societatis
1012 2793 1293 2849 mentione
1325 2792 1468 2849 facta
1497 2795 1670 2870 patia-

101 2901 213 2950 tur.
269 2893 529 2950 Dubitari
578 2912 692 2949 non
740 2912 904 2970 posse
954 2895 1091 2971 quin
1135 2896 1409 2953 Henricus
1451 2896 1525 2952 IV
1567 2915 1669 2973 pro

107 2993 373 3068 singulari
414 3014 526 3070 quo
579 2994 907 3052 Societatem
951 2996 1396 3074 amplectebatur
1446 2995 1666 3067 studio,

104 3096 224 3169 ejus
262 3095 504 3151 reditum
547 3105 770 3172 urgeret
807 3097 1028 3170 acriter,
1072 3107 1127 3154 et
1155 3118 1256 3175 pro
1293 3098 1525 3156 summis
1555 3095 1677 3152 suis

106 3196 165 3252 in
191 3196 618 3273 Rempublicam
648 3199 963 3275 promeritis
984 3200 1280 3258 obtineret.
1315 3199 1561 3274 Hujusce
1584 3193 1661 3250 rei

365 3316 529 3375 Tom.
575 3316 615 3373 I
625 3317 690 3375 V.
1387 3317 1428 3372 le
