2210 3651
171 1533 328 1587 Religio
363 1533 428 1575 in-

128 1604 192 1640 ter
242 1600 425 1656 Mogoles

127 1663 258 1708 floret.

461 285 540 346 78
1124 309 1366 348 EPITOME

460 409 766 489 cupiditate
805 432 902 471 rex
936 413 1289 472 Madurensis
1339 414 1600 472 incensus
1644 424 1749 475 est.
1797 417 2033 474 Renun-

459 513 671 571 tiarunt
709 514 844 592 Regi
884 514 1168 572 hominem
1221 514 1391 572 domo
1441 535 1725 594 nusquam
1771 518 2032 595 prodire3

458 623 606 673 totos
655 615 774 674 dies
825 617 1011 675 studio
1061 626 1116 674 et
1162 637 1352 675 rerum
1410 618 1720 677 coelestium
1782 629 2037 677 contem-

460 716 694 794 plationi
735 738 959 792 vacare7
1008 738 1162 776 more
1191 728 1361 797 atque
1403 721 1659 778 instituto
1698 721 1907 779 scilicet
1934 720 2038 777 Sa-

460 820 793 878 niassiorum
848 830 904 878 et
962 822 1287 880 Guruorum
1352 843 1597 901 quorum
1662 825 1721 881 in
1776 825 2033 882 ordinem

464 932 756 1001 cooptatus
786 934 924 981 erat.
969 923 1327 982 Addiderunt
1362 925 1625 984 eumdem
1657 925 1890 1005 publico
1930 925 2040 981 ab·

463 1026 688 1099 stinere‚
720 1046 791 1084 ne
822 1030 982 1104 cujus
1004 1026 1256 1085 mulieris
1286 1036 1516 1106 aspectu
1541 1029 2034 1085 contaminaretur.

460 1126 760 1185 Maximam
812 1129 952 1206 Regi
1003 1128 1430 1188 admirationem
1480 1150 1544 1188 ea
1595 1130 1718 1188 laus
1770 1127 2042 1187 castitatis

462 1231 655 1287 movit.
726 1231 1095 1289 Christianam
1162 1231 1414 1289 laudavit
1480 1230 1808 1307 religionem
1830 1274 1845 1303 7
1914 1247 2044 1306 quae

461 1331 600 1388 tales
639 1331 907 1389 formaret
948 1332 1235 1410 doctores,
1281 1342 1337 1391 et
1371 1332 1719 1391 liberrimam
1757 1335 1876 1409 ejus
1913 1351 2040 1388 am-

461 1431 776 1510 plectendae
810 1442 1145 1511 potestatem
1175 1435 1327 1493 fecit.

608 1534 857 1593 Eandem
881 1537 997 1594 suis
1019 1556 1248 1615 quoque
1269 1537 1400 1596 fecit
1423 1538 1711 1616 Mogolum
1736 1539 2045 1616 Imperator

462 1635 844 1713 Jehanguirus
878 1640 977 1715 qui
1017 1641 1233 1716 parenti
1275 1639 1532 1698 Ekebaro
1579 1650 1950 1715 successerat,
1989 1651 2046 1700 et

462 1749 711 1819 paternae
738 1741 794 1796 in
827 1741 1159 1799 Societatem
1183 1742 1592 1801 benevolentiae
1617 1744 1819 1818 haeres,
1847 1745 2046 1805 domos

463 1842 739 1920 quasdam
782 1843 856 1900 ab
892 1833 1240 1903 antecessore
1285 1865 1386 1904 suo
1429 1847 1565 1923 ipsis
1603 1847 1941 1921 attributas⁷
1976 1847 2048 1905 de

462 1946 676 2023 quibus
707 1957 826 2003 orta
857 1947 926 2004 lis
960 1968 1162 2024 magna
1193 1948 1407 2020 fuerat„
1445 1946 1643 2006 iisdem
1676 1948 2041 2025 adjudicavit.

462 2048 831 2125 Imperatoris<
854 2051 1162 2127 patrocinio
1194 2050 1321 2109 freti
1359 2051 1548 2109 Patres
1574 2061 1840 2109 consueta
1860 2052 2050 2110 ‘Socie-

463 2151 591 2208 tatis
615 2161 819 2210 nostrae
842 2153 1036 2210 munia
1057 2153 1405 2231 peragebant
1434 2154 1494 2210 in
1523 2153 1674 2230 regia
1696 2153 1863 2227 urbe,
1889 2153 2046 2212 haud

462 2274 623 2313 secus
660 2276 725 2312 ac
768 2257 814 2312 si
857 2256 1042 2313 media
1085 2257 1144 2312 in
1189 2256 1368 2311 Roma
1403 2255 1604 2312 versati
1649 2263 1853 2312 essent.
1890 2255 2049 2312 Feria

466 2366 619 2415 sexta
656 2357 874 2434 Majoris
904 2356 1282 2415 hebdomadae
1323 2356 1594 2434 processit
1634 2375 1734 2433 per
1769 2357 2050 2415 civitatem

464 2459 907 2537 supplicantium
937 2458 1380 2517 Christianorum
1411 2477 1612 2534 agmen
1640 2464 1920 2514 armatum
1948 2458 2050 2515 fla-

462 2561 651 2638 gellis,
700 2561 911 2638 quibus
948 2560 1212 2618 humeros
1247 2558 1401 2617 haud
1437 2558 1680 2616 molliter
1729 2559 2044 2617 caedebant.

463 2664 709 2721 Praeibat
751 2665 973 2741 agmine
1012 2664 1196 2734 Crux3
1235 2664 1444 2720 circum
1476 2664 1637 2740 pueri
1678 2664 2049 2740 pialcarmina

466 2767 869 2841 concinebant7
895 2766 1178 2825 insidebat
1208 2767 1359 2823 vicos
1400 2764 1649 2843 populus
1680 2766 2048 2823 admiratione

466 2869 708 2941 delixus3
737 2869 994 2927 nonnulli
1019 2870 1274 2928 modeste
1302 2889 1366 2926 ac
1390 2869 1610 2927 silentio
1635 2869 2039 2946 sequebantur.

466 2972 792 3050 Lugubrem
839 2973 985 3030 hanc
1028 2993 1252 3031 scenam
1297 2975 1536 3030 mutavit
1572 2973 1699 3030 laeta
1742 2982 1798 3029 et
1849 2972 2043 3045 hilari,

470 3095 624 3133 sacer
666 3074 887 3132 Christo
929 3077 1241 3152 resurgenti
1279 3075 1418 3134 dies.
1462 3076 1763 3133 Coronatas
1804 3074 2044 3131 floribus

468 3180 652 3236 lucem
683 3178 906 3236 albatus
928 3198 1062 3255 grex
1082 3222 1097 3250 7
1132 3177 1349 3237 facibus
1377 3178 1622 3236 accensis
1644 3221 1658 3250 7
1690 3181 2044 3254 perstrepen-

468 3284 623 3341 tibus
663 3283 800 3359 lyris
822 3327 836 3355 7
882 3282 940 3339 in
979 3301 1192 3341 sacram
1232 3280 1411 3339 eedem
1445 3280 1654 3338 intulit.
1690 3279 1817 3338 Non
1848 3278 2046 3335 minori
